3117 5025
1142 431 1190 495 I
1184 454 1229 495 η
1267 432 1474 498 C'oena
1504 433 1809 499 Domini.
2509 435 2650 500 203

318 624 635 691 perayatur
669 618 847 677 missa
886 639 1060 697 usque
1098 641 1209 699 quo
1239 623 1619 699 perveniatur
1661 624 1696 662 ¹¹⁵
1733 624 1815 684 ad
1856 624 1974 686 Per
2013 626 2207 685 omnia
2244 624 2478 699 saecula,
2518 633 2649 685 ante

318 710 449 768 Pax
478 711 738 771 Domini.
823 713 986 773 Tunc
1012 716 1286 775 secundus
1313 718 1543 777 accedat
1578 719 1874 794 diaconus,
1903 721 2227 799 ampullam
2253 740 2383 780 cum
2409 720 2526 780 oleo
2566 721 2648 779 ad

311 804 722 882 baptizandum
760 808 1027 884 deferens,
1069 831 1238 889 super
1277 833 1453 890 quam
1492 815 1784 892 episcopus
1824 823 1907 874 ter
1945 816 2187 892 siqnum.
2213 816 2399 877 crucis
2423 814 2640 892 faciat,

311 907 501 978 terque
540 902 610 961 in
650 924 717 961 ea
755 906 1009 981 sufflans,
1054 906 1425 967 exorcismum
1470 909 1585 968 olei
1629 910 1710 968 ad
1756 909 2162 989 baptizandum
2200 911 2493 990 perficiat,
2538 911 2644 989 qui

313 994 686 1056 circumstant
714 1007 942 1058 tantum
969 1000 1351 1061 audientibus.

397 1093 873 1159 Exerciemus.
964 1094 1287 1160 Exorcizo
1332 1102 1421 1174 te,
1454 1102 1765 1163 creatura
1808 1098 1957 1176 olei,
1990 1098 2062 1163 in
2106 1099 2453 1187 noffimine
2500 1099 2636 1164 Dei

309 1193 535 1259 Patris
603 1196 1100 1282 omnipotentis,
1161 1220 1241 1263 ac
1299 1200 1798 1288 invofficatione
1862 1202 1906 1266 J
1911 1222 2029 1266 esu
2090 1201 2380 1279 Christe,
2440 1207 2513 1267 et
2569 1202 2638 1267 in

309 1295 643 1381 virffltute
671 1299 960 1385 Spiritus
992 1301 1240 1380 Sancti,
1266 1306 1343 1367 ut
1373 1303 1498 1367 hac
1529 1303 1950 1387 adjuratione
1977 1326 2246 1369 summae
2278 1305 2634 1370 Trinitatis

309 1405 382 1464 et
409 1401 615 1466 unicae
646 1401 963 1482 Deitatis,
996 1406 1211 1470 omnis
1255 1406 1669 1490 nequissima
1712 1407 1930 1473 virtus
1962 1412 2033 1473 et
2074 1408 2335 1473 malitia
2364 1408 2636 1487 diaboli,

311 1505 659 1590 omnisque
690 1507 987 1575 violenta
1024 1511 1317 1576 incursio
1348 1516 1418 1575 et
1445 1512 1752 1576 nocivum
1782 1513 2185 1598 phantasma
2213 1511 2630 1576 inimicorum

306 1629 352 1671 a
393 1613 464 1671 te
509 1611 887 1675 eradicetur
929 1617 1001 1677 et
1043 1614 1396 1698 effugetur,
1441 1635 1519 1678 ac
1562 1614 1834 1699 penitus
1877 1613 2179 1679 discedat
2230 1635 2273 1679 a
2317 1617 2629 1679 creatura

305 1716 428 1774 tua
457 1712 543 1777 ad
587 1713 952 1779 utilitatem
996 1715 1336 1779 hominum
1381 1721 1794 1801 praeparata3
1840 1716 2015 1781 utin
2061 1715 2326 1780 nomine
2356 1715 2627 1780 Domini

304 1816 429 1877 fias
462 1813 679 1880 oleum
713 1823 1037 1895 sanctum,
1070 1819 1297 1883 unctio
1340 1817 1680 1897 salutaris,
1711 1819 2065 1903 purificata
2095 1840 2356 1903 quoque
2384 1818 2630 1884 divinis

305 1920 743 1985 sacramentis
787 1922 853 1985 in
912 1922 1503 1987 sanctificationem
1558 1923 1780 1987 carnis
1824 1943 1903 1988 ac
1958 1923 2234 2009 spiritus
2279 1926 2350 1987 et
2401 1921 2471 1986 in
2521 1942 2627 1986 re·-

243 2028 252 2033 ’
302 2020 687 2087 missionem
736 2024 1029 2088 omnium
1082 2029 1503 2110 peccatorum
1548 2024 1880 2090 universis
1925 2026 2039 2109 qui
2093 2046 2174 2088 ex
2221 2029 2303 2089 te·
2338 2024 2629 2108 ungendi

303 2127 481 2200 sunt,
514 2131 848 2208 quatenus
878 2127 963 2192 ad
1007 2127 1494 2212 percipiendam
1524 2128 1595 2190 in
1635 2127 1968 2212 baptismo
2013 2128 2304 2213 gratiam
2340 2127 2629 2212 Spiritus

303 2226 556 2305 Sancti,
589 2229 763 2295 sicut
792 2231 1083 2295 omnium
1129 2232 1426 2296 exterius
1471 2234 1745 2315 pectora
1787 2234 1859 2295 et
1903 2229 2189 2315 scapuloe
2234 2230 2629 2294 confirman-

296 2334 433 2406 tur,
478 2330 577 2396 ita
629 2337 699 2396 et
743 2333 1025 2397 interius
1069 2351 1189 2418 per
1232 2338 1300 2397 te
1352 2337 1616 2397 mentes
1661 2336 1732 2396 et
1782 2331 2015 2396 animae
2067 2330 2321 2395 coelesti
2372 2330 2624 2411 bene-1⁴

295 2433 586 2499 dictione
620 2435 1139 2513 sanctificentur,
1169 2434 1239 2499 in
1270 2435 1532 2498 nomine
1564 2434 1808 2510 Patris,
1839 2433 1994 2498 Filii
2042 2439 2244 2519 atque
2274 2434 2617 2499 amborum

299 2528 594 2621 Spiritus
627 2539 875 2616 Sancti,
908 2560 1030 2623 per
1060 2538 1281 2604 omnia
1313 2537 1553 2604 soecula
1584 2538 1994 2603 saeculorum.

385 2639 607 2699 Deinde
633 2641 925 2719 episcopus
955 2641 1245 2699 benedicat
1271 2642 1475 2713 oleum,
1509 2648 1560 2699 et
1588 2641 1765 2699 dicat.

387 2735 714 2802 Dominus
746 2737 1106 2802 vobiscum.

387 2839 483 2904 Et
511 2861 660 2904 cum
694 2840 936 2925 spiritu
967 2845 1105 2904 tu0.

387 2943 688 3006 Oremus.

384 3041 666 3108 Domine
697 3044 902 3121 Deus,
927 3045 1132 3109 Pater
1162 3045 1599 3131 omnipotens,
1624 3044 1816 3127 cujus
1846 3044 2272 3130 Unigenitus,
2298 3048 2375 3108 ut
2403 3043 2615 3108 Deum

295 3168 372 3211 se
398 3146 787 3211 ostenderet
805 3145 991 3211 Deus
1016 3153 1088 3211 et
1107 3148 1329 3225 homo,
1355 3148 1534 3213 inter
1564 3147 1867 3212 homines
1891 3167 2175 3233 magnus
2205 3151 2274 3212 et
2293 3145 2622 3211 mirabilis

290 3250 562 3327 claruit,
593 3256 672 3315 ut
699 3272 823 3314 nos
855 3271 989 3315 suae
1019 3251 1471 3317 miserationis
1500 3252 1922 3336 providentia
1942 3252 2027 3316 ad
2056 3271 2353 3335 praesens
2383 3251 2619 3314 divinae

288 3353 780 3439 prosecutionis
808 3352 1116 3419 incitavit
1156 3354 1622 3430 ministerium,
1654 3353 1768 3436 qui
1809 3358 1876 3418 et
1922 3374 2045 3437 pro
2090 3353 2281 3416 nobis
2311 3352 2611 3437 crucifigi

287 3456 525 3532 voluit,
548 3460 626 3520 ut
646 3456 972 3520 daemones
997 3456 1437 3541 crucifigeret,
1462 3460 1532 3521 et
1553 3461 1857 3521 mortuus
1879 3461 2182 3520 mortuos
2206 3454 2612 3531 vivificaret;

291 3581 415 3645 per
441 3560 660 3644 ipsum
692 3564 761 3624 te
790 3560 1060 3624 Patrem
1107 3559 1653 3638 omnipotentem,
1687 3578 2084 3643 quaesumus,
2116 3561 2194 3621 ut
2236 3557 2363 3621 hoc
2394 3556 2612 3621 oleum

289 3657 751 3738 sanctifflfices
810 3667 880 3727 et
945 3661 1402 3742 beneffldicas,
1465 3666 1544 3726 ut
1612 3682 1843 3725 omnes
1903 3660 2019 3745 qui
2078 3659 2290 3745 ipsius
2356 3658 2615 3743 liquore

288 3765 576 3831 delibuti
625 3765 876 3830 fuerint
935 3765 1415 3841 catechumeni,
1467 3761 2007 3841 beneffldictione
2065 3763 2614 3828 sanctificationis

285 3875 547 3934 ceternae
585 3867 658 3931 in
705 3872 1119 3933 sacramento
1162 3867 1590 3953 baptismatis
1633 3867 1952 3945 ditentur,
1986 3867 2293 3951 omnique
2337 3867 2615 3953 pingue-

283 3973 442 4036 dine
473 3976 668 4036 terrae
700 3976 771 4035 et
798 3992 950 4035 rore
996 3969 1285 4035 coelestis
1317 3970 1741 4035 abundantiae
1783 3970 2265 4035 foecundentur.
2352 3972 2613 4048 Annae,

279 4095 655 4160 precamur,
680 4074 1102 4159 omnipotens
1133 4074 1357 4151 Pater,
1381 4078 1459 4139 ut
1488 4074 1625 4140 haec
1648 4075 2029 4160 deprecatio
2061 4081 2132 4146 et
2159 4072 2611 4152 beneffldictio

279 4184 521 4243 nostra
550 4198 671 4263 per
713 4182 781 4241 te
813 4178 1005 4242 firma
1035 4182 1105 4242 et
1148 4183 1389 4262 potens
1421 4179 1728 4244 omnibus
1773 4182 2160 4263 perseveret
2188 4177 2273 4242 ad
2319 4177 2604 4243 salutem

283 4366 320 4400 ⁴*
355 4365 593 4434 mavyin,
623 4364 910 4420 exclusive.

473 4453 601 4516 25*
