3117 5025
526 395 656 463 276
1323 396 1762 461 consecratio
1797 395 2027 481 Regis.

527 607 600 668 et
614 602 859 667 liberet
882 605 952 666 te
977 602 1063 666 ab
1087 601 1617 667 adversitatibus
1640 601 1921 679 cunctis,
1945 604 2018 666 et
2039 601 2126 665 ab
2157 600 2468 666 omnibus
2493 598 2859 666 visibilium

532 710 605 771 et
630 704 1073 770 invisibilium
1103 704 1525 769 inimicorum
1556 704 1847 770 insidiis.
1934 707 2182 770 Amen.

619 808 919 895 Angelos
964 828 1125 873 snos
1167 808 1382 873 bonos
1435 828 1703 894 semper
1752 814 1823 874 et
1876 808 2123 893 ubique
2166 806 2282 893 qui
2335 811 2404 872 te
2456 806 2859 893 praecedant,

530 910 956 989 comitentur,
1011 915 1083 977 et
1132 910 1646 996 subsequantur,
1699 911 1787 977 ad
1835 911 2205 977 custodiam
2260 910 2364 977 tui
2416 915 2647 996 ponat,
2696 915 2769 976 et
2813 930 2862 974 a

527 1019 803 1100 peccato
834 1034 957 1079 seu
986 1014 1237 1099 gladio,
1268 1019 1339 1081 et
1380 1015 1467 1080 ab
1497 1014 1792 1080 omnium
1823 1013 2269 1101 periculorum
2314 1013 2699 1079 discrimine
2729 1032 2860 1077 sua

534 1123 600 1184 te
631 1116 943 1202 potentia
970 1116 1239 1183 liberet.
1326 1120 1576 1182 Amen.

615 1219 935 1285 Inimicos
963 1226 1120 1286 tuos
1151 1220 1236 1286 ad
1280 1220 1465 1308 pacis
1495 1219 1939 1305 caritatisque
1967 1219 2452 1306 benignitatem
2485 1221 2860 1294 convertat,

532 1327 603 1389 et
631 1323 829 1389 bonis
860 1324 1168 1389 omnibus
1197 1329 1267 1390 te
1297 1324 1673 1411 gratiosum
1717 1328 1790 1389 et
1817 1323 2172 1389 amabilem
2217 1322 2446 1399 faciat,
2478 1321 2862 1408 pertinaces

534 1448 799 1513 quoque
828 1427 898 1492 in
930 1428 1032 1493 tui
1062 1427 1510 1493 insectatione
1555 1432 1630 1493 et
1658 1426 1811 1492 odio
1850 1427 2242 1492 confusione
2288 1425 2572 1491 salutari
2602 1424 2867 1501 induat,

531 1551 740 1617 super
768 1535 839 1597 te
870 1536 1097 1597 autem
1130 1531 1577 1596 sanctificatio
1609 1531 2022 1618 sempiterna
2048 1532 2306 1595 floreat.
2392 1532 2640 1594 Amen.

618 1633 1078 1700 Victoriosum
1110 1643 1180 1700 te
1210 1639 1414 1719 atque
1455 1634 2020 1720 triumphatorem
2065 1634 2148 1699 de
2176 1633 2629 1699 invisibilibus
2658 1636 2865 1716 atque

530 1736 913 1802 visibilibus
970 1737 1282 1803 hostibus
1341 1758 1610 1822 semper
1667 1738 1935 1814 efficiat,
1997 1743 2069 1803 et
2122 1736 2344 1802 sancti
2401 1735 2692 1800 nominis
2750 1736 2860 1800 sui

530 1840 840 1905 timorem
870 1840 1128 1924 pariter
1157 1846 1228 1907 et
1270 1862 1568 1907 amorem
1609 1842 1998 1907 continuum
2045 1841 2229 1906 cordi
2260 1846 2378 1906 tuo
2420 1840 2752 1917 infundat,
2783 1846 2857 1906 et

529 1943 602 2007 in
630 1942 760 2008 fide
789 1949 978 2009 recta
1006 1966 1085 2009 ac
1115 1945 1311 2010 bonis
1341 1945 1659 2032 operibus
1704 1945 2265 2031 perseverabilem
2296 1944 2557 2021 reddat,
2588 1949 2660 2008 et
2686 1965 2853 2029 pace

532 2046 604 2110 in
633 2046 874 2113 diebus
902 2048 1045 2113 tuis
1074 2069 1419 2127 concessa,
1451 2070 1600 2113 cum
1648 2049 1879 2135 palma
1908 2048 2206 2114 victoriae
2235 2054 2306 2114 te
2351 2048 2435 2114 ad
2466 2053 2869 2135 perpetuum

534 2172 818 2237 regnum
849 2152 1198 2238 perducat.
1282 2156 1530 2219 Amen.

618 2253 714 2320 Et
740 2255 855 2339 qui
885 2260 956 2320 te
986 2254 1204 2320 voluit
1235 2275 1439 2340 super
1468 2254 1790 2341 populum
1823 2277 2020 2320 suum
2052 2276 2283 2343 regem
2326 2254 2763 2333 constituere,
2795 2261 2870 2321 et

527 2356 597 2421 in
644 2357 956 2442 praesenti
1002 2357 1245 2423 saeculo
1275 2358 1566 2436 felicem,
1598 2361 1670 2424 et
1713 2363 1980 2425 aeternae
2023 2358 2379 2425 felicitatis
2408 2358 2670 2425 tribuat
2712 2379 2868 2424 esse

534 2467 935 2528 consortem.
1025 2464 1270 2528 Amen.

619 2564 805 2651 Quod
835 2565 981 2651 ipse
1009 2571 1355 2650 praestare.

608 2668 777 2727 Alia.

620 2763 928 2841 Benedic,
976 2762 1285 2841 Domine,
1338 2764 1515 2829 hunc
1564 2763 1991 2848 praeelectum
2043 2763 2433 2849 principem,
2478 2763 2594 2848 qui
2644 2783 2857 2849 regna

533 2866 828 2930 omnium
858 2885 1093 2952 regum
1124 2888 1167 2930 a
1197 2865 1436 2931 saeculo
1467 2865 1860 2931 moderaris.
1947 2868 2194 2932 Amen.

648 2969 742 3034 Et
799 2967 926 3034 tali
985 2990 1134 3034 eum
1203 2969 1670 3035 benedictione
1729 2969 2056 3055 glorifica,
2114 2976 2194 3036 ut
2248 2969 2561 3036 Davitica
2618 2974 2849 3036 teneat

534 3072 946 3137 sublimitate
992 3075 1331 3156 sceptrum
1362 3071 1627 3148 salutis,
1658 3077 1730 3138 et
1774 3073 2128 3138 sanctificae
2169 3071 2666 3159 propitiationis
2703 3093 2850 3136 mu-

532 3197 694 3242 nere
724 3175 1103 3260 reperiatur
1133 3174 1612 3261 locupletatus.
1698 3177 1946 3240 Amen.

612 3281 720 3348 Da
763 3282 822 3346 ei
871 3302 914 3346 a
956 3284 1074 3346 tuo
1122 3280 1482 3365 spiramine
1528 3300 1767 3365 regere
1813 3278 2156 3365 populum,
2203 3278 2378 3344 sicut
2426 3279 2843 3345 Salomonem

528 3384 751 3452 fecisti
780 3403 1059 3469 regnum
1088 3383 1391 3448 obtinere
1421 3382 1793 3467 pacificum.
1882 3384 2127 3445 Amen.

614 3488 802 3574 Quod
829 3487 971 3572 ipse
1002 3491 1330 3572 prestare.

607 3589 950 3667 Desiqnatio
974 3597 1153 3647 status
1180 3589 1352 3665 ‘re-qis⁴
1869 3676 1873 3680 ·

647 3688 769 3751 Sta
826 3691 899 3751 et
953 3685 1172 3749 retine
1226 3684 1465 3749 amodo
1520 3688 1799 3759 statum,
1853 3703 2050 3767 quem
2103 3685 2233 3750 huc
2284 3706 2496 3770 usque
2561 3689 2845 3771 paterna

534 3788 970 3876 suggestione
1030 3786 1336 3863 tenuisti,
1397 3787 1821 3851 haereditario
1882 3787 2035 3871 jure
2101 3788 2226 3853 tibi
2283 3787 2669 3874 delegatum
2728 3809 2850 3873 per

531 3891 1003 3958 auctoritatem
1031 3888 1158 3953 Dei
1199 3889 1700 3975 omnipotentis,
1731 3894 1803 3955 et
1830 3911 1952 3976 per
1994 3897 2392 3976 praesentem
2418 3891 2848 3957 traditionem

527 4001 849 4071 nostram,
910 3992 1203 4058 omnium
1279 3991 1540 4059 scilicet
1612 3993 2075 4080 episcoporum
2141 3999 2647 4079 ceterorumque
2719 3994 2849 4060 Dei

527 4117 914 4174 servornm3
961 4100 1033 4160 et
1084 4099 1334 4179 quanto
1380 4094 1634 4160 clerum
1682 4096 1893 4161 sacris
1937 4095 2267 4162 altaribus
2307 4097 2846 4184 propinquiorem

527 4200 1077 4289 prospicis,tanto
1096 4197 1159 4261 ei
1176 4198 1503 4282 potiorem
1522 4200 1595 4263 in
1613 4199 1782 4264 locis
1800 4200 2115 4286 congruis
2134 4201 2451 4265 honorem
2467 4201 2848 4288 impendere

531 4302 948 4379 memineris3
993 4304 1328 4385 quatenus
1356 4301 1686 4367 mediator
1706 4300 1830 4365 Dei
1863 4307 1932 4366 et
1955 4302 2294 4367 hominum
2324 4308 2395 4368 te
2418 4305 2849 4370 mediatorem
