3117 5025
998 440 1442 504 Consecratio
1486 441 1869 526 Virginum.
2460 433 2588 498 155

260 637 796 705 benedictionum
826 642 1059 729 largus
1090 643 1371 720 infusor,
1402 648 1470 708 te
1503 644 1768 709 obnixis
1798 644 2109 731 precibus
2140 643 2591 729 deprecamur,

262 747 341 805 ut
392 741 519 806 has
571 750 797 809 vestes
849 746 1319 827 beneffldicere
1373 752 1442 811 et
1497 748 1997 832 sanctifflficare
2048 746 2369 833 digneris,
2421 762 2591 828 quas

258 842 518 908 famula
546 850 665 910 tua
694 869 818 932 pro
859 848 1101 912 indicio
1134 851 1609 933 cognoscendae
1653 849 2004 935 religionis
2033 849 2248 915 voluit
2291 848 2588 921 induere,

256 949 334 1007 ut
366 945 547 1009 inter
576 948 872 1033 reliquas
902 950 1185 1014 feminas
1216 950 1339 1014 tibi
1372 956 1818 1035 cognoscatur
1845 951 2088 1017 dicata·
2177 951 2326 1014 Per.

353 1044 533 1119 Tunc,
580 1071 733 1128 aqua
774 1052 1057 1111 benedicta
1104 1052 1338 1129 desuper
1378 1072 1628 1130 aspersa,
1667 1052 1759 1111 det
1805 1053 1862 1111 ei
1899 1053 2189 1132 epiecopus
2229 1049 2588 1127 vio-finitatis

257 1141 654 1202 vestimentum
679 1145 887 1204 dicens.

352 1238 616 1324 Accipe,
662 1240 909 1325 puella,
952 1240 1426 1306 vestimentum
1470 1241 1648 1325 quod
1700 1242 2002 1327 perferas
2048 1243 2086 1282 ⁴*
2135 1241 2279 1305 sine
2324 1239 2588 1307 macula

248 1344 410 1404 ante
456 1342 756 1407 tribunal
801 1343 1068 1408 Domini
1116 1344 1334 1408 nostri
1377 1343 1546 1407 Jesu
1593 1343 1869 1420 Christi,
1902 1344 2008 1408 cui
2053 1343 2346 1409 flectitur
2389 1362 2584 1408 omne

252 1461 438 1525 genu
481 1444 870 1522 coelestium,
902 1447 1347 1521 terrestrium,
1379 1450 1450 1510 et
1491 1444 1928 1511 infernorum.
1970 1489 1977 1495 ·
2018 1445 2144 1531 Qui
2188 1465 2337 1510 cum
2381 1445 2585 1509 Patre

256 1549 331 1608 et
364 1543 623 1629 Spiritu
656 1547 900 1613 Sancto
933 1549 1120 1613 vivit.

342 1647 550 1706 Postea
589 1649 808 1725 leyatur
846 1651 1103 1729 epistola,
1130 1657 1182 1708 et
1210 1658 1529 1729 peraqatur
1568 1649 1744 1710 missa
1785 1668 1957 1727 usque
1972 1657 2103 1727 post
2142 1648 2492 1726 evanqeliam
2534 1656 2586 1707 et

256 1742 470 1802 Credo.
551 1743 599 1802 I
583 1766 705 1822 psoe
750 1755 939 1804 autem
982 1746 1232 1823 virqines
1279 1746 1534 1819 interim,
1584 1753 1806 1824 accepto
1851 1745 2203 1817 indumenta,
2251 1743 2469 1802 vadant
2517 1742 2584 1801 in

256 1838 598 1896 vestiarium
624 1840 705 1898 ad
727 1841 1069 1913 sacrarium,
1097 1849 1148 1900 et
1174 1841 1426 1900 induant
1450 1863 1506 1900 se
1545 1841 1868 1900 vestimento
1895 1841 2194 1900 benedicto.
2285 1839 2587 1898 Velamina

255 1954 388 1992 vero
414 1955 585 2012 super
602 1936 822 1994 altaria
848 1945 1193 2009 remaneant,
1223 1945 1390 2015 atque
1406 1945 1537 2016 post
1562 1937 1916 2013 evanqelium
1944 1945 1996 1996 et
2021 1936 2233 2009 Credo,
2263 1936 2495 1996 veniant
2519 1936 2587 1994 in

249 2028 488 2087 chorum
512 2050 642 2088 cam
668 2032 837 2089 cereis
864 2031 1191 2090 ardentibus
1218 2040 1505 2091 cantantes
1532 2033 1970 2111 responsorium.

265 2304 285 2313 μ
373 2281 495 2312 -
710 2248 778 2277 “-
958 2231 2546 2312 ==⁸=·——.--——--A

347 2387 554 2450 A-mo
609 2384 807 2450 Chris
839 2423 860 2435 -
895 2389 1097 2450 -·tum
1173 2386 1243 2449 in
1296 2407 1377 2451 cu
1426 2424 1453 2437 ·-
1477 2386 1595 2471 jus
1645 2386 1768 2452 tha
1799 2424 1826 2437 -
1856 2385 1928 2450 la
1966 2423 1983 2437 ·
2016 2405 2197 2448 mum
2251 2384 2463 2448 in-tro
2495 2420 2524 2434 -
2557 2421 2584 2433 -

551 2640 2508 2708 ··—-—=——·1-.”.·.-.:.-:=·-=.=··

255 2749 283 2811 i
314 2785 341 2797 -
375 2786 403 2798 -
432 2748 523 2824 vi,
692 2745 917 2828 cu-jus
962 2749 1211 2809 ma-ter
1256 2743 1361 2808 vir
1384 2765 1517 2830 -go
1737 2748 1863 2820 est,
1896 2764 1974 2807 cu
2009 2780 2035 2793 ·
2059 2742 2177 2826 jus
2222 2763 2310 2827 pa
2340 2779 2368 2792 -
2421 2779 2449 2792 -
2478 2747 2587 2806 ter

259 3110 362 3174 fe·-
393 3108 488 3171 mi
506 3127 690 3172 -nam
735 3125 820 3169 ne
871 3143 899 3155 -
950 3104 1104 3182 scit,
1150 3103 1376 3187 cu-jus
1429 3102 1629 3167 mi-hi
1827 3122 2146 3187 or--ga·
2173 3124 2310 3167 ·na
2448 3122 2587 3167 mo-

641 3289 2439 3324 -----Ρ“-“-“-“--“

348 3433 541 3499 du-la
569 3470 596 3483 -
624 3432 718 3498 tis
829 3429 1036 3494 vo-ci-
1052 3429 1179 3493 bus
1331 3449 1456 3493 can
1476 3466 1502 3478 -
1522 3429 1694 3505 tant,
1727 3448 1924 3511 quem
1945 3447 2095 3490 cum
2144 3446 2187 3490 a.
2206 3463 2232 3475 -
2253 3446 2474 3491 ma-ve
2506 3462 2534 3475 -

305 3618 1837 3687 ····--·'··=·.·.····-=·-=-··-=.=···
2162 3617 2266 3646 -·
2443 3680 2591 3691 ,-

258 3750 339 3794 ro
401 3748 520 3793 cas
549 3763 579 3778 -
608 3730 685 3791 ta
861 3743 1032 3800 sum,
1086 3743 1236 3786 cum
1295 3722 1483 3787 te-ti-
1501 3742 1588 3808 ge
1608 3740 1732 3785 -ro
1791 3740 1952 3783 mun
1985 3756 2011 3768 -
2042 3717 2131 3783 da
2213 3738 2382 3796 sum,
2436 3741 2585 3785 cum

172 3926 178 3931 ’
260 3878 2367 4021 W

258 4059 447 4105 ac-ce
509 4074 537 4089 -
598 4073 626 4086 -
683 4055 769 4120 pe
831 4071 858 4084 ·-
919 4069 946 4083 -
1005 4051 1083 4094 ro
1234 4032 1341 4094 vir
1401 4068 1488 4081 --
1548 4051 1638 4115 go
1938 4048 2108 4092 sum.

249 4307 284 4342 ¹¹*
324 4304 427 4361 MS
453 4301 730 4376 praeferas.

442 4395 567 4459 19*
