3117 5025
1072 372 1477 436 Benedictio
1523 370 1785 434 Viduoe.
2467 369 2592 433 151

363 578 629 664 Accipe,
672 577 893 654 vidua,
940 575 1241 661 pallium,
1288 579 1535 640 sanctoe
1587 572 2001 660 integritatis
2053 573 2378 651 velamen,
2423 574 2599 659 quod

275 681 583 767 perferas
612 684 770 745 ante
799 677 1100 744 tribunal
1130 676 1399 742 Domini
1427 676 1643 742 nostri
1671 677 1715 741 J
1719 697 1840 742 esu
1869 675 2145 752 Christi,
2175 677 2283 742 cui
2312 677 2606 742 flectitur

276 802 474 847 omne
517 803 698 867 genu
744 780 1132 856 coelestium,
1163 780 1615 856 terrestrium,
1645 783 1718 844 et
1759 778 2192 844 infernorum.
2280 778 2407 865 Qui
2450 799 2600 846 cum

277 885 484 949 Patre
515 890 587 950 et
619 884 876 969 Spiritu
908 883 1157 949 Sancto
1188 882 1359 948 vivit
1385 887 1458 949 et
1484 886 1730 968 regnat
1757 881 1944 948 Deus
1974 903 2115 969 per.

361 987 501 1045 Post
527 987 643 1046 hoec
667 986 898 1045 dicatur
927 988 1040 1045 ista
1066 985 1271 1044 oratio.

370 1081 496 1158 Da,
542 1100 939 1167 quaesumus,
986 1079 1407 1164 omnipotens
1448 1076 1657 1157 Deus,
1688 1082 1766 1144 ut
1807 1079 1947 1144 hoec
1990 1078 2245 1145 famula
2287 1090 2429 1157 tua,
2459 1100 2605 1164 quae

278 1204 403 1270 pro
458 1203 576 1268 spe
627 1182 1096 1249 retributionis
1148 1186 1219 1247 et
1276 1181 1593 1267 promissi
1650 1181 1947 1246 muneris
2008 1203 2082 1247 se
2141 1182 2268 1247 tibi
2317 1181 2606 1247 Domino

279 1287 626 1352 desiderat
669 1285 1068 1362 consecrari,
1099 1284 1301 1371 plena
1338 1285 1467 1349 fide
1510 1283 1867 1369 animoque
1913 1289 2343 1370 permaneat;
2388 1286 2611 1351 tribue

281 1390 347 1454 ei
377 1410 499 1475 pro
524 1390 846 1454 viduitate
875 1388 1186 1474 gloriam,
1208 1407 1329 1472 pro
1358 1387 1612 1472 pudore
1641 1387 2111 1463 reverentiam,
2135 1406 2259 1471 pro
2287 1387 2612 1472 pudicitia

282 1493 749 1557 sanctitatem:
795 1495 874 1556 ut
917 1490 1005 1555 ad
1049 1490 1363 1556 meritum
1403 1489 1620 1576 possit
1663 1494 1923 1556 aeternoe
1961 1489 2192 1575 gloriae
2236 1490 2608 1574 pervenire.

285 1596 420 1659 Per
451 1594 829 1659 Dominum.

379 1698 645 1763 Oratio.
733 1695 940 1773 Deus,
984 1696 1311 1762 bonarum
1360 1696 1690 1761 virtutum
1736 1699 1807 1761 et
1844 1694 2375 1760 benedictionum
2422 1694 2611 1781 large

283 1799 565 1876 infusor,
596 1799 839 1863 exaudi
881 1819 1113 1883 preces
1156 1804 1445 1875 nostras,
1477 1799 1555 1862 ut
1598 1798 1771 1864 hanc
1814 1802 2072 1864 vestem
2113 1819 2314 1882 quam
2356 1799 2614 1864 famula

285 1905 409 1967 tua
465 1901 555 1965 N.
615 1920 737 1984 pro
794 1900 1244 1966 consecrando
1303 1898 1646 1964 castitatis
1708 1899 1900 1985 signo
1962 1920 2034 1964 se
2095 1900 2612 1985 adoperiendam

285 2002 527 2088 poscit,
583 2002 977 2067 benedicere
1044 2006 1117 2067 et
1175 2002 1595 2067 sanctificare
1662 2001 1982 2086 digneris.
2072 2001 2203 2067 Per
2263 1999 2609 2069 Christum

284 2104 649 2169 Dominum
679 2109 1004 2169 nostrum.

383 2207 650 2272 Oratio.
739 2206 944 2283 Deus,
991 2205 1105 2291 qui
1151 2205 1490 2290 justificas
1541 2205 1820 2291 impium
1864 2210 1932 2269 et
1984 2226 2119 2269 non
2172 2207 2277 2271 vis
2329 2213 2613 2273 mortem

288 2313 736 2394 peccatorum,
805 2308 1229 2392 majestatem
1296 2311 1484 2372 tuam
1553 2307 1950 2393 suppliciter
2014 2307 2469 2393 deprecamur,
2536 2316 2615 2377 ut

290 2410 615 2476 famulam
657 2414 845 2475 tuam
884 2411 966 2476 de
1011 2415 1133 2476 tua
1178 2409 1636 2476 misericordia
1679 2409 2120 2475 confidentem
2164 2410 2419 2478 coelesti
2463 2433 2616 2497 pro-

294 2518 494 2600 tegas
538 2514 871 2599 benignus
916 2513 1192 2591 auxilio,
1238 2518 1310 2579 et
1350 2513 1626 2579 assidua
1665 2513 2080 2598 protectione
2124 2533 2499 2592 conserves,
2545 2521 2625 2581 ut

294 2614 423 2680 tibi
444 2614 706 2700 jugiter
733 2614 1117 2693 famuletur,
1151 2620 1221 2681 et
1249 2614 1459 2682 nullis
1488 2615 2044 2701 temptationibus
2079 2638 2122 2682 a
2148 2621 2219 2681 te
2251 2624 2621 2702 separetur.

296 2716 431 2782 Per
460 2716 825 2781 Christum.
1769 2725 1781 2736 '

384 2820 789 2884 Benedictio
822 2819 1089 2883 annuli.

387 2921 698 2997 Benedic‚
731 2920 1013 2985 Domine
1058 2920 1227 2985 Jesu
1269 2920 1559 2998 Christe,
1591 2922 1912 2986 annulum
1955 2922 2158 2988 istum
2206 2924 2357 2989 fidei
2400 2925 2623 3012 signa-

300 3022 547 3098 culum,
580 3043 774 3107 quem
817 3022 1074 3088 famula
1102 3028 1224 3088 tua
1253 3022 1323 3086 in
1370 3023 1634 3108 signum
1678 3024 1944 3088 foederis
1972 3025 2072 3088 tui
2113 3031 2469 3112 gestatura
2497 3035 2625 3105 est,

301 3131 384 3189 ut
411 3124 482 3187 in
511 3129 632 3189 tua
659 3123 1017 3189 dilectione
1045 3129 1318 3189 maneat
1347 3124 1682 3209 copulata,
1715 3130 1785 3190 et
1813 3145 1961 3190 eam
1992 3128 2137 3192 sine
2179 3131 2446 3195 macula
2476 3153 2623 3197 cus-

300 3226 525 3293 todias
555 3226 624 3289 in
654 3232 993 3291 aeternum.
1083 3226 1210 3311 Qui
1241 3225 1413 3291 vivis
1444 3230 1515 3291 et
1543 3246 1789 3311 regnas
1816 3226 2023 3293 Deus.

390 3328 636 3412 Accipe
668 3327 989 3393 annulum
1020 3349 1216 3413 quem
1247 3328 1548 3414 perferas
1590 3332 1749 3393 ante
1779 3329 2052 3414 Agnum
2085 3351 2400 3416 sponsum
2433 3338 2621 3398 tuum

302 3432 346 3496 J
351 3451 541 3495 esum
600 3428 946 3495 Christum
997 3429 1067 3494 in
1126 3429 1233 3494 die
1293 3429 1660 3495 coelestium
1716 3431 2126 3515 nuptiarum.
2213 3434 2296 3499 In
2356 3435 2623 3508 nomine

305 3532 598 3598 Patris.'¹¹¹²

303 3716 340 3751 ⁴⁸*
375 3714 598 3785 Marqin
611 3733 632 3780 ;
672 3713 748 3769 Et
769 3719 895 3784 post
928 3715 1210 3785 annulum,
1243 3716 1457 3770 dicatur
1490 3716 1598 3771 ista
1631 3717 1925 3773 benedictio.
2004 3718 2205 3788 oratio,
2243 3718 2539 3777 Benedicat
2574 3729 2629 3779 te

305 3801 456 3855 Deus
492 3800 673 3856 Pater.
745 3800 972 3872 Require
1005 3802 1166 3858 istam
1199 3802 1601 3858 benedictionem
1635 3804 1697 3857 in
1716 3803 1840 3875 fine
1879 3804 2292 3862 Comecrationis
2325 3814 2634 3865 sanctarum

318 3888 624 3959 Virfflnum.
