3117 5025
541 405 673 471 230
1286 412 1726 477 Consecratio
1758 412 2114 494 Episcopi.

611 610 781 671 Data
806 614 1003 684 mitra,
1036 615 1129 673 det
1154 616 1211 674 ei
1235 611 1481 676 codicem
1506 617 1946 695 evanyeliorum,
1979 618 2209 676 dicen&

620 708 865 793 Accipe
898 710 1341 795 evangelium,
1374 717 1446 777 et
1475 713 1663 789 vade,
1695 714 1980 798 praedica
2009 711 2255 797 populo
2298 712 2420 776 tibi
2453 711 2849 787 commiss03

534 814 775 892 potens
805 817 913 876 est
942 813 1118 877 enim
1162 812 1346 878 Deus
1376 835 1627 901 augere
1672 816 1796 880 tibi
1838 817 2130 902 gratiam
2176 836 2387 892 suam,
2420 815 2536 899 qui
2566 815 2737 878 vivit
2779 820 2853 878 et

532 918 795 998 regnat.

606 1015 836 1074 Deinde
865 1016 1086 1092 leyatur
1111 1018 1482 1094 evanyelium.

612 1108 894 1186 Sequatur
918 1119 1202 1169 secretum.

619 1203 916 1288 Suscipe,
963 1203 1269 1282 Domine,
1316 1228 1600 1271 munera
1652 1229 1796 1292 quae
1844 1209 1969 1274 tibi
2021 1207 2366 1272 offerimus
2413 1228 2533 1292 pro
2586 1207 2847 1271 famulo

528 1312 667 1384 tu0,
693 1312 770 1373 ut
799 1309 1130 1395 propitius
1160 1309 1231 1373 in
1262 1311 1489 1375 eodem
1521 1316 1644 1376 tua
1675 1313 1849 1377 dona
1879 1313 2237 1378 custodias.
2329 1313 2460 1375 Per
2488 1311 2844 1375 Dominum

528 1414 855 1474 nostrum.

605 1511 780 1589 Infra
816 1513 1124 1571 Canonem.

610 1609 805 1673 Hanc
858 1609 1068 1694 igitur
1120 1609 1524 1675 oblationem
1582 1610 1932 1676 servitutis
1979 1615 2244 1688 nostrae,
2300 1612 2415 1675 sed
2469 1615 2540 1674 et
2586 1615 2836 1674 cunctae

521 1712 791 1776 familiae
821 1718 973 1788 tuae,
1007 1732 1207 1795 quam
1239 1713 1362 1776 tibi
1392 1715 1753 1791 offerimus,
1787 1716 1990 1779 etiam
2036 1736 2157 1800 pro
2189 1714 2437 1778 famulo
2470 1721 2610 1790 tue,
2642 1735 2839 1797 quem

523 1815 608 1879 ad
658 1815 1080 1898 episcopatus
1130 1815 1427 1879 ordinem
1480 1837 1869 1900 promovere
1924 1818 2240 1902 dignatus
2293 1836 2388 1892 es,
2435 1837 2835 1900 quaesumus,

520 1916 823 1993 Domine,
878 1921 956 1981 ut
1005 1917 1314 2002 placatus
1366 1919 1679 2004 accipias,
1731 1924 1801 1984 et
1846 1921 2178 2006 propitius
2228 1920 2299 1983 in
2355 1941 2433 1984 eo
2487 1925 2608 1985 tua
2658 1921 2838 1985 dona

520 2020 898 2096 custodias3
961 2025 1039 2083 ut
1098 2021 1273 2105 quod
1331 2020 1555 2087 divino
1618 2044 1893 2087 munere
1952 2028 2348 2088 consecutus
2406 2027 2532 2099 est,
2592 2023 2841 2087 divinis

520 2123 865 2187 effectibus
898 2129 1323 2205 exsequatur.

604 2228 1174 2291 PoetcommuniO.

602 2329 905 2406 Plenum,
938 2350 1337 2413 quaesumuS,
1370 2327 1675 2407 Domine,
1708 2330 1775 2393 in
1821 2331 2017 2395 nobis
2059 2331 2425 2394 remedium
2470 2334 2600 2394 tuoe
2632 2330 2831 2394 mise-

514 2434 797 2499 rationis
850 2453 1148 2517 operare,
1196 2437 1267 2496 et
1318 2432 1495 2497 tales
1540 2455 1663 2497 nos
1717 2455 1865 2498 esse
1917 2435 2158 2520 perfice
2211 2433 2565 2520 propitiast,
2611 2438 2680 2497 et
2735 2434 2832 2498 sic

504 2539 740 2615 foveri,
773 2541 851 2601 ut
879 2536 1004 2600 tibi
1033 2536 1103 2599 in
1136 2536 1442 2600 omnibus
1473 2536 1737 2625 placere
1769 2538 2136 2604 valeamus.
2227 2539 2357 2605 Per
2384 2537 2762 2601 Dominum.

601 2642 781 2704 Alia
812 2641 1024 2702 mieea
1055 2641 1128 2701 in
1160 2641 1603 2703 ordinatione
1634 2641 1960 2720 epiecopi.

605 2745 928 2809 Collecta.
1018 2741 1223 2816 DeuS,
1248 2742 1363 2824 qui
1395 2742 1869 2807 ad·ineffabilis
1893 2742 2387 2806 observantiam
2420 2742 2823 2806 sacramenti

508 2848 910 2913 famulorum
963 2851 1231 2910 tuorum
1290 2866 1627 2930 praeparas
1685 2845 2108 2922 voluntates3
2170 2846 2361 2910 donis
2420 2847 2559 2909 tuis
2621 2845 2824 2909 corda

511 2955 744 3014 nostra
794 2947 1090 3032 purifica,
1145 2952 1221 3012 ut
1280 2948 1455 3031 quod
1510 2954 1743 3013 sancta
1795 2948 2149 3012 devotione
2211 2952 2316 3011 est
2374 2947 2818 3023 tractandum,

514 3052 793 3118 sinceris
822 3051 1161 3114 mentibus
1194 3071 1659 3135 exsequamur.
1750 3052 1900 3114 Per.

596 3155 961 3217 Secretum.
1051 3152 1212 3215 Haec
1233 3152 1477 3229 hostia,
1504 3173 1902 3236 quaesumus,
1926 3150 2230 3235 Domine,
2255 3153 2569 3217 emundet
2590 3156 2825 3217 nostra

509 3256 775 3332 delicta,
820 3261 889 3319 et
941 3254 1336 3319 sacrificium
1383 3255 1854 3320 celebrandum
1901 3255 2315 3319 subditorum
2367 3255 2493 3318 tibi
2543 3275 2824 3339 corpora

502 3363 893 3441 mentesque
927 3357 1318 3422 sanctificet.
1409 3358 1558 3421 Per.

628 3484 670 3521 n
703 3461 952 3519 Conone.

583 3461 787 3621 {Iano
838 3555 1049 3640 igitur
1101 3553 1505 3618 oblationem
1561 3553 1908 3618 servitutis
1961 3556 2225 3628 nostrae,
2275 3553 2389 3616 sed
2443 3556 2514 3616 et
2567 3560 2818 3617 cunctae

501 3659 770 3724 familiae
812 3663 961 3734 tuae,
994 3679 1191 3741 quam
1223 3658 1351 3721 tibi
1381 3657 1723 3721 offerimus
1769 3658 1970 3721 etiam
2013 3677 2134 3740 pro
2162 3655 2416 3720 famulo
2447 3660 2585 3731 tuo,
2617 3677 2818 3739 quem
2892 3692 2905 3697 ·

502 3762 587 3825 ad
641 3760 1062 3844 episcopatus
1115 3759 1413 3822 ordinem
1462 3780 1853 3844 promovere
1904 3759 2222 3844 dignatus
2275 3779 2370 3833 es,
2417 3779 2817 3841 quaesumus,

502 3862 802 3935 Domine,
854 3868 931 3924 ut
980 3860 1285 3944 placatus
1338 3862 1647 3946 accipias,
1702 3867 1773 3926 et
1822 3862 2154 3945 propitius
2204 3860 2273 3923 in
2334 3881 2413 3924 eo
2466 3869 2587 3925 tua
2637 3862 2815 3927 dona

501 3963 861 4039 custodiae,
921 3968 998 4026 ut
1054 3963 1230 4046 quod
1295 3964 1520 4028 divino
1579 3983 1856 4026 munere
1923 3967 2321 4027 consecutus
2381 3966 2506 4038 est,
2568 3962 2815 4028 divinis

501 4064 850 4130 effectibus
882 4070 1349 4148 consequatur.

585 4168 1164 4231 Postcommum'O.
1283 4166 1444 4230 Haec
1518 4187 1643 4230 nos
1716 4166 2113 4242 communio,
2187 4164 2490 4243 Domine,
2558 4177 2807 4252 purget

495 4292 537 4335 a.
595 4268 889 4343 crimine,
943 4272 1011 4331 et
1071 4267 1357 4333 coelestis
1417 4269 1690 4333 remedii
1748 4268 1958 4333 faciat
2016 4288 2163 4332 esse
2222 4272 2587 4333 consortes.
2678 4271 2808 4333 Per

498 4372 871 4436 Dominum.
