<?xml version="1.0" encoding="UTF-8"?>
<!DOCTYPE html PUBLIC "-//W3C//DTD XHTML 1.0 Transitional//EN"
    "http://www.w3.org/TR/xhtml1/DTD/xhtml1-transitional.dtd">
<html xmlns="http://www.w3.org/1999/xhtml" xml:lang="en" lang="en">
 <head>
  <title>
</title>
<meta http-equiv="Content-Type" content="text/html;charset=utf-8" />
  <meta name='ocr-system' content='tesseract 3.04.00' />
  <meta name='ocr-capabilities' content='ocr_page ocr_carea ocr_par ocr_line ocrx_word'/>
</head>
<body>
  <div class='ocr_page' id='page_1' title='image "./liberpontifical00hendgoog_0435.png"; bbox 0 0 3117 5025; ppageno 0'>
   <div class='ocr_carea' id='block_1_1' title="bbox 933 339 2587 428">
    <p class='ocr_par' dir='ltr' id='par_1_1' title="bbox 933 339 2587 428">
     <span class='ocr_line' id='line_1_1' title="bbox 933 339 2587 428; baseline -0.008 -13"><span class='ocrx_word' id='word_1_1' title='bbox 933 352 982 415; x_wconf 95' lang='lat' dir='ltr'><em>I</em></span> <span class='ocrx_word' id='word_1_2' title='bbox 978 350 1345 415; x_wconf 84' lang='lat' dir='ltr'><strong>nstallatio</strong></span> <span class='ocrx_word' id='word_1_3' title='bbox 1380 346 1931 428; x_wconf 75' lang='lat' dir='ltr'><strong>Archiepiscopi.</strong></span> <span class='ocrx_word' id='word_1_4' title='bbox 2456 339 2587 404; x_wconf 88' lang='grc'><strong>383</strong></span> 
     </span>
    </p>
   </div>
   <div class='ocr_carea' id='block_1_2' title="bbox 163 516 2590 609">
    <p class='ocr_par' dir='ltr' id='par_1_2' title="bbox 163 516 2590 609">
     <span class='ocr_line' id='line_1_2' title="bbox 163 516 2590 609; baseline -0.004 -21"><span class='ocrx_word' id='word_1_5' title='bbox 163 568 169 573; x_wconf 88' lang='grc'>-</span> <span class='ocrx_word' id='word_1_6' title='bbox 280 525 682 601; x_wconf 89' lang='lat' dir='ltr'><strong>ordinatum,</strong></span> <span class='ocrx_word' id='word_1_7' title='bbox 709 530 779 590; x_wconf 90' lang='lat' dir='ltr'><strong>et</strong></span> <span class='ocrx_word' id='word_1_8' title='bbox 808 524 1052 591; x_wconf 84' lang='lat' dir='ltr'><strong>ibidem</strong></span> <span class='ocrx_word' id='word_1_9' title='bbox 1087 543 1288 609; x_wconf 86' lang='lat' dir='ltr'><strong>super</strong></span> <span class='ocrx_word' id='word_1_10' title='bbox 1319 521 1914 606; x_wconf 89' lang='lat' dir='ltr'><strong>Archiepiscopum</strong></span> <span class='ocrx_word' id='word_1_11' title='bbox 1946 517 2012 580; x_wconf 91' lang='lat' dir='ltr'><strong>in</strong></span> <span class='ocrx_word' id='word_1_12' title='bbox 2045 516 2361 580; x_wconf 78' lang='lat' dir='ltr'><strong>thronum</strong></span> <span class='ocrx_word' id='word_1_13' title='bbox 2398 536 2590 578; x_wconf 89' lang='lat' dir='ltr'><strong>suum</strong></span> 
     </span>
    </p>
   </div>
   <div class='ocr_carea' id='block_1_3' title="bbox 280 619 2597 1028">
    <p class='ocr_par' dir='ltr' id='par_1_3' title="bbox 280 619 2590 799">
     <span class='ocr_line' id='line_1_3' title="bbox 280 619 2590 712; baseline -0.005 -20"><span class='ocrx_word' id='word_1_14' title='bbox 280 630 369 692; x_wconf 85' lang='lat' dir='ltr'><strong>ad</strong></span> <span class='ocrx_word' id='word_1_15' title='bbox 428 628 762 712; x_wconf 79' lang='lat' dir='ltr'><strong>quoddam</strong></span> <span class='ocrx_word' id='word_1_16' title='bbox 831 625 1196 691; x_wconf 79' lang='lat' dir='ltr'><strong>scabellum</strong></span> <span class='ocrx_word' id='word_1_17' title='bbox 1258 629 1675 710; x_wconf 89' lang='lat' dir='ltr'><strong>prostratum</strong></span> <span class='ocrx_word' id='word_1_18' title='bbox 1745 627 1967 686; x_wconf 87' lang='lat' dir='ltr'><strong>certas</strong></span> <span class='ocrx_word' id='word_1_19' title='bbox 2034 619 2375 684; x_wconf 85' lang='lat' dir='ltr'><strong>orationes</strong></span> <span class='ocrx_word' id='word_1_20' title='bbox 2443 639 2590 703; x_wconf 89' lang='grc'>011111</span> 
     </span>
     <span class='ocr_line' id='line_1_4' title="bbox 281 732 1927 799; baseline -0.002 -2"><span class='ocrx_word' id='word_1_21' title='bbox 281 734 637 798; x_wconf 86' lang='lat' dir='ltr'><strong>versiculis</strong></span> <span class='ocrx_word' id='word_1_22' title='bbox 669 734 1049 799; x_wconf 89' lang='lat' dir='ltr'><strong>earumdem</strong></span> <span class='ocrx_word' id='word_1_23' title='bbox 1082 732 1475 798; x_wconf 90' lang='lat' dir='ltr'><strong>solemniter</strong></span> <span class='ocrx_word' id='word_1_24' title='bbox 1504 732 1927 796; x_wconf 77' lang='lat' dir='ltr'><strong>decantabat.</strong></span> 
     </span>
    </p>

    <p class='ocr_par' dir='ltr' id='par_1_4' title="bbox 285 831 2597 1028">
     <span class='ocr_line' id='line_1_5' title="bbox 413 831 2592 922; baseline -0.003 -22"><span class='ocrx_word' id='word_1_25' title='bbox 413 836 668 922; x_wconf 75' lang='lat' dir='ltr'><strong>Quibus</strong></span> <span class='ocrx_word' id='word_1_26' title='bbox 733 837 1131 913; x_wconf 88' lang='lat' dir='ltr'><strong>decantatis,</strong></span> <span class='ocrx_word' id='word_1_27' title='bbox 1200 837 1523 920; x_wconf 79' lang='lat' dir='ltr'><strong>praefatus</strong></span> <span class='ocrx_word' id='word_1_28' title='bbox 1592 836 1905 900; x_wconf 87' lang='lat' dir='ltr'><strong>Decanus</strong></span> <span class='ocrx_word' id='word_1_29' title='bbox 1971 833 2190 918; x_wconf 90' lang='lat' dir='ltr'><strong>ipsum</strong></span> <span class='ocrx_word' id='word_1_30' title='bbox 2257 831 2592 896; x_wconf 91' lang='lat' dir='ltr'><strong>dominum</strong></span> 
     </span>
     <span class='ocr_line' id='line_1_6' title="bbox 285 925 2597 1028; baseline -0.003 -23"><span class='ocrx_word' id='word_1_31' title='bbox 285 942 878 1028; x_wconf 89' lang='lat' dir='ltr'><strong>Archiepiscopum</strong></span> <span class='ocrx_word' id='word_1_32' title='bbox 933 941 1016 1004; x_wconf 90' lang='lat' dir='ltr'><strong>ad</strong></span> <span class='ocrx_word' id='word_1_33' title='bbox 1063 941 1378 1006; x_wconf 77' lang='lat' dir='ltr'><strong>thronum</strong></span> <span class='ocrx_word' id='word_1_34' title='bbox 1434 960 1630 1003; x_wconf 88' lang='lat' dir='ltr'><strong>suum</strong></span> <span class='ocrx_word' id='word_1_35' title='bbox 1682 925 1943 1002; x_wconf 80' lang='grc'>(11100118</span> <span class='ocrx_word' id='word_1_36' title='bbox 1979 937 2246 1000; x_wconf 88' lang='lat' dir='ltr'><strong>dicebat</strong></span> <span class='ocrx_word' id='word_1_37' title='bbox 2295 938 2417 1000; x_wconf 91' lang='lat' dir='ltr'><strong>sub</strong></span> <span class='ocrx_word' id='word_1_38' title='bbox 2471 937 2597 999; x_wconf 90' lang='lat' dir='ltr'><strong>hac</strong></span> 
     </span>
    </p>
   </div>
   <div class='ocr_carea' id='block_1_4' title="bbox 283 1039 2623 2096">
    <p class='ocr_par' dir='ltr' id='par_1_5' title="bbox 283 1039 2350 1131">
     <span class='ocr_line' id='line_1_7' title="bbox 283 1039 2350 1131; baseline -0.003 -24"><span class='ocrx_word' id='word_1_39' title='bbox 283 1045 499 1108; x_wconf 84' lang='lat' dir='ltr'><strong>forma</strong></span> <span class='ocrx_word' id='word_1_40' title='bbox 528 1046 598 1108; x_wconf 89' lang='lat' dir='ltr'><strong>in</strong></span> <span class='ocrx_word' id='word_1_41' title='bbox 631 1045 916 1128; x_wconf 88' lang='lat' dir='ltr'><strong>quodam</strong></span> <span class='ocrx_word' id='word_1_42' title='bbox 948 1051 1144 1109; x_wconf 83' lang='lat' dir='ltr'><strong>textu</strong></span> <span class='ocrx_word' id='word_1_43' title='bbox 1178 1044 1502 1128; x_wconf 87' lang='lat' dir='ltr'><strong>scriptum</strong></span> <span class='ocrx_word' id='word_1_44' title='bbox 1539 1043 1636 1129; x_wconf 89' lang='lat' dir='ltr'><strong>(in</strong></span> <span class='ocrx_word' id='word_1_45' title='bbox 1667 1048 1988 1128; x_wconf 89' lang='lat' dir='ltr'><strong>quantum</strong></span> <span class='ocrx_word' id='word_1_46' title='bbox 2018 1039 2350 1131; x_wconf 82' lang='lat' dir='ltr'><strong>intellexi)</strong></span> 
     </span>
    </p>

    <p class='ocr_par' dir='ltr' id='par_1_6' title="bbox 290 1143 2623 2096">
     <span class='ocr_line' id='line_1_8' title="bbox 366 1143 2623 1223; baseline -0.003 -17"><span class='ocrx_word' id='word_1_47' title='bbox 366 1149 445 1206; x_wconf 88' lang='lat' dir='ltr'><strong>In</strong></span> <span class='ocrx_word' id='word_1_48' title='bbox 471 1150 582 1208; x_wconf 87' lang='lat' dir='ltr'><strong>Dei</strong></span> <span class='ocrx_word' id='word_1_49' title='bbox 597 1150 842 1208; x_wconf 85' lang='lat' dir='ltr'><strong>nomine.</strong></span> <span class='ocrx_word' id='word_1_50' title='bbox 925 1150 1131 1207; x_wconf 87' lang='lat' dir='ltr'><strong>Amen.</strong></span> <span class='ocrx_word' id='word_1_51' title='bbox 1214 1148 1274 1204; x_wconf 85' lang='lat' dir='ltr'><em>A</em></span> <span class='ocrx_word' id='word_1_52' title='bbox 1282 1148 1579 1206; x_wconf 87' lang='lat' dir='ltr'><strong>uctoritate</strong></span> <span class='ocrx_word' id='word_1_53' title='bbox 1601 1147 1844 1223; x_wconf 83' lang='lat' dir='ltr'><strong>ejusdem</strong></span> <span class='ocrx_word' id='word_1_54' title='bbox 1865 1154 1916 1203; x_wconf 89' lang='lat' dir='ltr'><strong>et</strong></span> <span class='ocrx_word' id='word_1_55' title='bbox 1938 1144 2107 1220; x_wconf 75' lang='lat' dir='ltr'><strong>hujus</strong></span> <span class='ocrx_word' id='word_1_56' title='bbox 2133 1164 2309 1202; x_wconf 85' lang='lat' dir='ltr'><strong>sacrae</strong></span> <span class='ocrx_word' id='word_1_57' title='bbox 2329 1143 2623 1201; x_wconf 73' lang='lat' dir='ltr'><strong>Ecclesiae.</strong></span> 
     </span>
     <span class='ocr_line' id='line_1_9' title="bbox 294 1241 2596 1317; baseline -0.002 -17"><span class='ocrx_word' id='word_1_58' title='bbox 294 1242 471 1301; x_wconf 86' lang='lat' dir='ltr'><strong>Ebor.</strong></span> <span class='ocrx_word' id='word_1_59' title='bbox 552 1265 671 1317; x_wconf 87' lang='lat' dir='ltr'><strong>nos,</strong></span> <span class='ocrx_word' id='word_1_60' title='bbox 739 1242 1009 1303; x_wconf 80' lang='lat' dir='ltr'><strong>Brianus&#39;</strong></span> <span class='ocrx_word' id='word_1_61' title='bbox 1066 1242 1337 1302; x_wconf 84' lang='lat' dir='ltr'><strong>Decanus</strong></span> <span class='ocrx_word' id='word_1_62' title='bbox 1404 1244 1574 1302; x_wconf 86' lang='lat' dir='ltr'><strong>istius</strong></span> <span class='ocrx_word' id='word_1_63' title='bbox 1629 1242 1907 1301; x_wconf 70' lang='lat' dir='ltr'><strong>Ecclesiae</strong></span> <span class='ocrx_word' id='word_1_64' title='bbox 1963 1241 2122 1299; x_wconf 84' lang='lat' dir='ltr'><strong>Ebor</strong></span> <span class='ocrx_word' id='word_1_65' title='bbox 2202 1260 2296 1297; x_wconf 85' lang='lat' dir='ltr'><strong>vos</strong></span> <span class='ocrx_word' id='word_1_66' title='bbox 2350 1260 2596 1296; x_wconf 86' lang='lat' dir='ltr'><strong>reveren-</strong></span> 
     </span>
     <span class='ocr_line' id='line_1_10' title="bbox 290 1335 2600 1419; baseline -0.003 -22"><span class='ocrx_word' id='word_1_67' title='bbox 290 1340 594 1398; x_wconf 87' lang='lat' dir='ltr'><strong>dissimum</strong></span> <span class='ocrx_word' id='word_1_68' title='bbox 622 1342 689 1398; x_wconf 90' lang='lat' dir='ltr'><strong>in</strong></span> <span class='ocrx_word' id='word_1_69' title='bbox 719 1340 942 1399; x_wconf 80' lang='lat' dir='ltr'><strong>Christo</strong></span> <span class='ocrx_word' id='word_1_70' title='bbox 972 1349 1202 1419; x_wconf 79' lang='lat' dir='ltr'><strong>patrem</strong></span> <span class='ocrx_word' id='word_1_71' title='bbox 1230 1349 1281 1398; x_wconf 86' lang='lat' dir='ltr'><strong>et</strong></span> <span class='ocrx_word' id='word_1_72' title='bbox 1307 1340 1605 1398; x_wconf 89' lang='lat' dir='ltr'><strong>dominum</strong></span> <span class='ocrx_word' id='word_1_73' title='bbox 1631 1347 1885 1398; x_wconf 85' lang='lat' dir='ltr'><strong>nostrum</strong></span> <span class='ocrx_word' id='word_1_74' title='bbox 1912 1336 2210 1395; x_wconf 86' lang='lat' dir='ltr'><strong>dominum</strong></span> <span class='ocrx_word' id='word_1_75' title='bbox 2239 1335 2600 1392; x_wconf 87' lang='lat' dir='ltr'><strong>Edwardum</strong></span> 
     </span>
     <span class='ocr_line' id='line_1_11' title="bbox 292 1437 2602 1521; baseline -0.002 -22"><span class='ocrx_word' id='word_1_76' title='bbox 292 1442 488 1519; x_wconf 73' lang='lat' dir='ltr'><strong>qratia</strong></span> <span class='ocrx_word' id='word_1_77' title='bbox 514 1443 633 1500; x_wconf 86' lang='lat' dir='ltr'><strong>Dei</strong></span> <span class='ocrx_word' id='word_1_78' title='bbox 641 1443 829 1519; x_wconf 21' lang='lat' dir='ltr'><strong>‘Ebora</strong></span> <span class='ocrx_word' id='word_1_79' title='bbox 858 1443 1385 1521; x_wconf 74' lang='lat' dir='ltr'><strong>Archiepiscopum,</strong></span> <span class='ocrx_word' id='word_1_80' title='bbox 1409 1442 1648 1520; x_wconf 73' lang='lat' dir='ltr'><strong>Anyliae</strong></span> <span class='ocrx_word' id='word_1_81' title='bbox 1667 1442 1998 1520; x_wconf 77' lang='lat' dir='ltr'><strong>primatem,</strong></span> <span class='ocrx_word' id='word_1_82' title='bbox 2020 1446 2070 1497; x_wconf 84' lang='lat' dir='ltr'><strong>et</strong></span> <span class='ocrx_word' id='word_1_83' title='bbox 2098 1438 2437 1516; x_wconf 81' lang='lat' dir='ltr'><strong>Apostolicoe</strong></span> <span class='ocrx_word' id='word_1_84' title='bbox 2453 1437 2602 1496; x_wconf 83' lang='lat' dir='ltr'><strong>sedis</strong></span> 
     </span>
     <span class='ocr_line' id='line_1_12' title="bbox 298 1534 2603 1617; baseline -0.002 -23"><span class='ocrx_word' id='word_1_85' title='bbox 298 1538 565 1613; x_wconf 82' lang='lat' dir='ltr'><strong>le9atum,</strong></span> <span class='ocrx_word' id='word_1_86' title='bbox 593 1538 658 1594; x_wconf 90' lang='lat' dir='ltr'><strong>in</strong></span> <span class='ocrx_word' id='word_1_87' title='bbox 696 1537 800 1596; x_wconf 80' lang='lat' dir='ltr'><strong>hac</strong></span> <span class='ocrx_word' id='word_1_88' title='bbox 839 1546 1198 1596; x_wconf 84' lang='lat' dir='ltr'><strong>sacrosancta</strong></span> <span class='ocrx_word' id='word_1_89' title='bbox 1237 1538 1360 1596; x_wconf 89' lang='lat' dir='ltr'><strong>sede</strong></span> <span class='ocrx_word' id='word_1_90' title='bbox 1390 1540 1596 1617; x_wconf 79' lang='lat' dir='ltr'><strong>prima</strong></span> <span class='ocrx_word' id='word_1_91' title='bbox 1637 1545 1687 1596; x_wconf 89' lang='lat' dir='ltr'><strong>et</strong></span> <span class='ocrx_word' id='word_1_92' title='bbox 1725 1535 2164 1614; x_wconf 80' lang='lat' dir='ltr'><strong>metropolitana</strong></span> <span class='ocrx_word' id='word_1_93' title='bbox 2191 1534 2358 1617; x_wconf 69' lang='lat' dir='ltr'><strong>liujus</strong></span> <span class='ocrx_word' id='word_1_94' title='bbox 2396 1542 2603 1591; x_wconf 82' lang='lat' dir='ltr'><strong>sanctae</strong></span> 
     </span>
     <span class='ocr_line' id='line_1_13' title="bbox 299 1630 2605 1706; baseline -0.002 -16"><span class='ocrx_word' id='word_1_95' title='bbox 299 1632 570 1692; x_wconf 71' lang='lat' dir='ltr'><strong>Ecclesiae</strong></span> <span class='ocrx_word' id='word_1_96' title='bbox 613 1632 790 1691; x_wconf 85' lang='lat' dir='ltr'><strong>Ebor.</strong></span> <span class='ocrx_word' id='word_1_97' title='bbox 840 1634 1303 1706; x_wconf 75' lang='lat' dir='ltr'><strong>inthronizamus,</strong></span> <span class='ocrx_word' id='word_1_98' title='bbox 1345 1635 1729 1705; x_wconf 86' lang='lat' dir='ltr'><strong>installamus,</strong></span> <span class='ocrx_word' id='word_1_99' title='bbox 1771 1640 1822 1691; x_wconf 85' lang='lat' dir='ltr'><strong>et</strong></span> <span class='ocrx_word' id='word_1_100' title='bbox 1869 1631 2214 1701; x_wconf 73' lang='lat' dir='ltr'><strong>inducimus,</strong></span> <span class='ocrx_word' id='word_1_101' title='bbox 2260 1650 2327 1688; x_wconf 89' lang='lat' dir='ltr'><strong>ac</strong></span> <span class='ocrx_word' id='word_1_102' title='bbox 2371 1630 2605 1687; x_wconf 83' lang='lat' dir='ltr'><strong>&#39;realiter</strong></span> 
     </span>
     <span class='ocr_line' id='line_1_14' title="bbox 298 1714 2606 1810; baseline -0 -23"><span class='ocrx_word' id='word_1_103' title='bbox 298 1730 633 1788; x_wconf 78' lang='lat' dir='ltr'><strong>investimus</strong></span> <span class='ocrx_word' id='word_1_104' title='bbox 674 1750 802 1788; x_wconf 89' lang='lat' dir='ltr'><strong>cum</strong></span> <span class='ocrx_word' id='word_1_105' title='bbox 850 1732 1106 1788; x_wconf 85' lang='lat' dir='ltr'><strong>omnibus</strong></span> <span class='ocrx_word' id='word_1_106' title='bbox 1132 1731 1251 1788; x_wconf 85' lang='lat' dir='ltr'><strong>suis</strong></span> <span class='ocrx_word' id='word_1_107' title='bbox 1277 1732 1511 1807; x_wconf 78' lang='lat' dir='ltr'><strong>juribus</strong></span> <span class='ocrx_word' id='word_1_108' title='bbox 1539 1740 1591 1790; x_wconf 91' lang='lat' dir='ltr'><strong>et</strong></span> <span class='ocrx_word' id='word_1_109' title='bbox 1619 1731 2036 1810; x_wconf 78' lang='lat' dir='ltr'><strong>pertinentibus</strong></span> <span class='ocrx_word' id='word_1_110' title='bbox 2074 1714 2395 1799; x_wconf 83' lang='lat' dir='ltr'><strong>universis;</strong></span> <span class='ocrx_word' id='word_1_111' title='bbox 2434 1736 2484 1786; x_wconf 88' lang='lat' dir='ltr'><strong>et</strong></span> <span class='ocrx_word' id='word_1_112' title='bbox 2523 1728 2606 1786; x_wconf 85' lang='lat' dir='ltr'><strong>sie</strong></span> 
     </span>
     <span class='ocr_line' id='line_1_15' title="bbox 296 1823 2606 1906; baseline -0.001 -22"><span class='ocrx_word' id='word_1_113' title='bbox 296 1827 762 1898; x_wconf 79' lang='lat' dir='ltr'><strong>inthronizatum,</strong></span> <span class='ocrx_word' id='word_1_114' title='bbox 792 1827 1170 1899; x_wconf 82' lang='lat' dir='ltr'><strong>installatum,</strong></span> <span class='ocrx_word' id='word_1_115' title='bbox 1198 1836 1248 1886; x_wconf 85' lang='lat' dir='ltr'><strong>et</strong></span> <span class='ocrx_word' id='word_1_116' title='bbox 1275 1828 1572 1886; x_wconf 84' lang='lat' dir='ltr'><strong>inductum</strong></span> <span class='ocrx_word' id='word_1_117' title='bbox 1595 1828 1990 1906; x_wconf 77' lang='lat' dir='ltr'><strong>personaliter,</strong></span> <span class='ocrx_word' id='word_1_118' title='bbox 2021 1825 2368 1883; x_wconf 84' lang='lat' dir='ltr'><strong>dimittimus</strong></span> <span class='ocrx_word' id='word_1_119' title='bbox 2395 1825 2461 1881; x_wconf 89' lang='lat' dir='ltr'><strong>in</strong></span> <span class='ocrx_word' id='word_1_120' title='bbox 2500 1823 2606 1882; x_wconf 75' lang='lat' dir='ltr'><strong>hac</strong></span> 
     </span>
     <span class='ocr_line' id='line_1_16' title="bbox 294 1919 2606 1999; baseline -0.001 -20"><span class='ocrx_word' id='word_1_121' title='bbox 294 1929 496 1979; x_wconf 87' lang='lat' dir='ltr'><strong>sancta</strong></span> <span class='ocrx_word' id='word_1_122' title='bbox 550 1922 690 1994; x_wconf 87' lang='lat' dir='ltr'><strong>sede,</strong></span> <span class='ocrx_word' id='word_1_123' title='bbox 735 1922 801 1979; x_wconf 85' lang='lat' dir='ltr'><strong>in</strong></span> <span class='ocrx_word' id='word_1_124' title='bbox 849 1942 963 1999; x_wconf 78' lang='lat' dir='ltr'><strong>qua</strong></span> <span class='ocrx_word' id='word_1_125' title='bbox 1016 1922 1168 1979; x_wconf 90' lang='lat' dir='ltr'><strong>idem</strong></span> <span class='ocrx_word' id='word_1_126' title='bbox 1215 1922 1481 1981; x_wconf 88' lang='lat' dir='ltr'><strong>dominus</strong></span> <span class='ocrx_word' id='word_1_127' title='bbox 1544 1932 1729 1982; x_wconf 87' lang='lat' dir='ltr'><strong>noster</strong></span> <span class='ocrx_word' id='word_1_128' title='bbox 1768 1924 1937 1982; x_wconf 84' lang='lat' dir='ltr'><strong>Jesus</strong></span> <span class='ocrx_word' id='word_1_129' title='bbox 2002 1919 2261 1980; x_wconf 75' lang='lat' dir='ltr'><strong>Christus</strong></span> <span class='ocrx_word' id='word_1_130' title='bbox 2327 1920 2606 1977; x_wconf 83' lang='lat' dir='ltr'><strong>custodiat</strong></span> 
     </span>
     <span class='ocr_line' id='line_1_17' title="bbox 296 2017 2003 2096; baseline 0.002 -22"><span class='ocrx_word' id='word_1_131' title='bbox 296 2017 601 2074; x_wconf 84' lang='lat' dir='ltr'><strong>introitum</strong></span> <span class='ocrx_word' id='word_1_132' title='bbox 627 2025 867 2074; x_wconf 88' lang='lat' dir='ltr'><strong>vestrum</strong></span> <span class='ocrx_word' id='word_1_133' title='bbox 893 2038 958 2075; x_wconf 81' lang='lat' dir='ltr'><strong>ex</strong></span> <span class='ocrx_word' id='word_1_134' title='bbox 984 2017 1082 2075; x_wconf 75' lang='lat' dir='ltr'><strong>hoc</strong></span> <span class='ocrx_word' id='word_1_135' title='bbox 1108 2039 1259 2076; x_wconf 87' lang='lat' dir='ltr'><strong>nunc</strong></span> <span class='ocrx_word' id='word_1_136' title='bbox 1286 2026 1335 2076; x_wconf 86' lang='lat' dir='ltr'><strong>et</strong></span> <span class='ocrx_word' id='word_1_137' title='bbox 1362 2039 1533 2096; x_wconf 80' lang='lat' dir='ltr'><strong>usque</strong></span> <span class='ocrx_word' id='word_1_138' title='bbox 1558 2019 1626 2077; x_wconf 88' lang='lat' dir='ltr'><strong>in</strong></span> <span class='ocrx_word' id='word_1_139' title='bbox 1651 2020 1933 2078; x_wconf 82' lang='lat' dir='ltr'><strong>soeculum.</strong></span> <span class='ocrx_word' id='word_1_140' title='bbox 1996 2064 2003 2071; x_wconf 93' lang='lat'>.</span> 
     </span>
    </p>
   </div>
   <div class='ocr_carea' id='block_1_5' title="bbox 298 2112 2696 4486">
    <p class='ocr_par' dir='ltr' id='par_1_7' title="bbox 298 2112 2659 3768">
     <span class='ocr_line' id='line_1_18' title="bbox 387 2112 2603 2198; baseline 0.001 -22"><span class='ocrx_word' id='word_1_141' title='bbox 387 2114 476 2176; x_wconf 88' lang='lat' dir='ltr'><strong>Et</strong></span> <span class='ocrx_word' id='word_1_142' title='bbox 498 2135 647 2177; x_wconf 89' lang='lat' dir='ltr'><strong>cum</strong></span> <span class='ocrx_word' id='word_1_143' title='bbox 676 2112 956 2198; x_wconf 84' lang='lat' dir='ltr'><strong>legendo</strong></span> <span class='ocrx_word' id='word_1_144' title='bbox 983 2115 1401 2198; x_wconf 88' lang='lat' dir='ltr'><strong>pervenisset</strong></span> <span class='ocrx_word' id='word_1_145' title='bbox 1424 2116 1508 2180; x_wconf 92' lang='lat' dir='ltr'><strong>ad</strong></span> <span class='ocrx_word' id='word_1_146' title='bbox 1533 2117 1739 2180; x_wconf 87' lang='lat' dir='ltr'><strong>verba</strong></span> <span class='ocrx_word' id='word_1_147' title='bbox 1760 2117 2337 2191; x_wconf 75' lang='lat' dir='ltr'><strong>Inthronizamus,</strong></span> <span class='ocrx_word' id='word_1_148' title='bbox 2356 2116 2603 2179; x_wconf 81' lang='lat' dir='ltr'><strong>instal-</strong></span> 
     </span>
     <span class='ocr_line' id='line_1_19' title="bbox 301 2216 2653 2304; baseline 0.001 -24"><span class='ocrx_word' id='word_1_149' title='bbox 301 2217 524 2280; x_wconf 88' lang='lat' dir='ltr'><strong>lamus</strong></span> <span class='ocrx_word' id='word_1_150' title='bbox 558 2218 669 2297; x_wconf 64' lang='lat' dir='ltr'><strong>§ra</strong></span> <span class='ocrx_word' id='word_1_151' title='bbox 694 2216 913 2301; x_wconf 91' lang='lat' dir='ltr'><strong>ipsum</strong></span> <span class='ocrx_word' id='word_1_152' title='bbox 933 2217 1272 2280; x_wconf 87' lang='lat' dir='ltr'><strong>dominum</strong></span> <span class='ocrx_word' id='word_1_153' title='bbox 1305 2220 1898 2304; x_wconf 88' lang='lat' dir='ltr'><strong>Archiepiscopum</strong></span> <span class='ocrx_word' id='word_1_154' title='bbox 1926 2221 1997 2299; x_wconf 77' lang='grc'><strong>111</strong></span> <span class='ocrx_word' id='word_1_155' title='bbox 2032 2221 2187 2284; x_wconf 88' lang='lat' dir='ltr'><strong>sede</strong></span> <span class='ocrx_word' id='word_1_156' title='bbox 2223 2241 2347 2283; x_wconf 92' lang='lat' dir='ltr'><strong>sua</strong></span> <span class='ocrx_word' id='word_1_157' title='bbox 2368 2240 2603 2303; x_wconf 69' lang='lat' dir='ltr'><strong>supra·</strong></span> <span class='ocrx_word' id='word_1_158' title='bbox 2648 2245 2653 2250; x_wconf 75' lang='grc'><strong><em>’</em></strong></span> 
     </span>
     <span class='ocr_line' id='line_1_20' title="bbox 298 2309 2608 2408; baseline 0.001 -24"><span class='ocrx_word' id='word_1_159' title='bbox 298 2321 502 2397; x_wconf 89' lang='lat' dir='ltr'><strong>dicta,</strong></span> <span class='ocrx_word' id='word_1_160' title='bbox 538 2323 1024 2405; x_wconf 83' lang='lat' dir='ltr'><strong>subsequenter</strong></span> <span class='ocrx_word' id='word_1_161' title='bbox 1069 2343 1225 2386; x_wconf 86' lang='lat' dir='ltr'><strong>vero</strong></span> <span class='ocrx_word' id='word_1_162' title='bbox 1275 2343 1478 2406; x_wconf 90' lang='lat' dir='ltr'><strong>super</strong></span> <span class='ocrx_word' id='word_1_163' title='bbox 1523 2324 1865 2388; x_wconf 88' lang='lat' dir='ltr'><strong>sedentem</strong></span> <span class='ocrx_word' id='word_1_164' title='bbox 1913 2325 1982 2390; x_wconf 92' lang='lat' dir='ltr'><strong>in</strong></span> <span class='ocrx_word' id='word_1_165' title='bbox 2031 2309 2294 2401; x_wconf 80' lang='lat' dir='ltr'><strong>throno,</strong></span> <span class='ocrx_word' id='word_1_166' title='bbox 2326 2324 2608 2408; x_wconf 89' lang='lat' dir='ltr'><strong>quodam</strong></span> 
     </span>
     <span class='ocr_line' id='line_1_21' title="bbox 301 2426 2609 2515; baseline 0.001 -25"><span class='ocrx_word' id='word_1_167' title='bbox 301 2437 549 2503; x_wconf 86' lang='lat' dir='ltr'><strong>tractu,</strong></span> <span class='ocrx_word' id='word_1_168' title='bbox 597 2426 908 2491; x_wconf 86' lang='lat' dir='ltr'><strong>videlicet</strong></span> <span class='ocrx_word' id='word_1_169' title='bbox 965 2429 1378 2492; x_wconf 81' lang='lat' dir='ltr'><strong>Benedictus</strong></span> <span class='ocrx_word' id='word_1_170' title='bbox 1441 2429 1547 2515; x_wconf 86' lang='lat' dir='ltr'><strong>(ut</strong></span> <span class='ocrx_word' id='word_1_171' title='bbox 1607 2430 1676 2492; x_wconf 91' lang='lat' dir='ltr'><strong>in</strong></span> <span class='ocrx_word' id='word_1_172' title='bbox 1731 2429 1928 2515; x_wconf 89' lang='lat' dir='ltr'><strong>libro)</strong></span> <span class='ocrx_word' id='word_1_173' title='bbox 1985 2453 2026 2495; x_wconf 90' lang='lat' dir='ltr'><strong>a</strong></span> <span class='ocrx_word' id='word_1_174' title='bbox 2079 2432 2305 2506; x_wconf 89' lang='lat' dir='ltr'><strong>chor0‚</strong></span> <span class='ocrx_word' id='word_1_175' title='bbox 2355 2451 2609 2494; x_wconf 87' lang='lat' dir='ltr'><strong>necnon</strong></span> 
     </span>
     <span class='ocr_line' id='line_1_22' title="bbox 301 2532 2609 2619; baseline 0.001 -23"><span class='ocrx_word' id='word_1_176' title='bbox 301 2534 505 2596; x_wconf 83' lang='lat' dir='ltr'><strong>certis</strong></span> <span class='ocrx_word' id='word_1_177' title='bbox 551 2532 853 2596; x_wconf 86' lang='lat' dir='ltr'><strong>collectis</strong></span> <span class='ocrx_word' id='word_1_178' title='bbox 884 2554 1034 2595; x_wconf 90' lang='lat' dir='ltr'><strong>cum</strong></span> <span class='ocrx_word' id='word_1_179' title='bbox 1081 2533 1436 2596; x_wconf 88' lang='lat' dir='ltr'><strong>versiculis</strong></span> <span class='ocrx_word' id='word_1_180' title='bbox 1482 2555 1604 2617; x_wconf 91' lang='lat' dir='ltr'><strong>pro</strong></span> <span class='ocrx_word' id='word_1_181' title='bbox 1646 2535 2026 2619; x_wconf 87' lang='lat' dir='ltr'><strong>hujusmodi</strong></span> <span class='ocrx_word' id='word_1_182' title='bbox 2073 2541 2229 2618; x_wconf 85' lang='lat' dir='ltr'><strong>actu</strong></span> <span class='ocrx_word' id='word_1_183' title='bbox 2261 2535 2609 2613; x_wconf 86' lang='lat' dir='ltr'><strong>ordinatis,</strong></span> 
     </span>
     <span class='ocr_line' id='line_1_23' title="bbox 304 2637 2608 2716; baseline 0.001 -15"><span class='ocrx_word' id='word_1_184' title='bbox 304 2659 348 2701; x_wconf 89' lang='lat' dir='ltr'><strong>a</strong></span> <span class='ocrx_word' id='word_1_185' title='bbox 414 2638 679 2701; x_wconf 88' lang='lat' dir='ltr'><strong>domino</strong></span> <span class='ocrx_word' id='word_1_186' title='bbox 748 2637 1017 2701; x_wconf 90' lang='lat' dir='ltr'><strong>Decano</strong></span> <span class='ocrx_word' id='word_1_187' title='bbox 1085 2638 1401 2702; x_wconf 85' lang='lat' dir='ltr'><strong>Ecclesiae</strong></span> <span class='ocrx_word' id='word_1_188' title='bbox 1474 2638 1677 2702; x_wconf 89' lang='lat' dir='ltr'><strong>Ebor.</strong></span> <span class='ocrx_word' id='word_1_189' title='bbox 1748 2639 2145 2704; x_wconf 86' lang='lat' dir='ltr'><strong>solemniter</strong></span> <span class='ocrx_word' id='word_1_190' title='bbox 2210 2641 2608 2716; x_wconf 89' lang='lat' dir='ltr'><strong>decantatis,</strong></span> 
     </span>
     <span class='ocr_line' id='line_1_24' title="bbox 309 2742 2659 2828; baseline -0.001 -22"><span class='ocrx_word' id='word_1_191' title='bbox 309 2743 555 2806; x_wconf 88' lang='lat' dir='ltr'><strong>Rector</strong></span> <span class='ocrx_word' id='word_1_192' title='bbox 601 2742 884 2827; x_wconf 83' lang='lat' dir='ltr'><strong>(forsan)</strong></span> <span class='ocrx_word' id='word_1_193' title='bbox 935 2743 1122 2805; x_wconf 89' lang='lat' dir='ltr'><strong>chori</strong></span> <span class='ocrx_word' id='word_1_194' title='bbox 1166 2742 1529 2828; x_wconf 86' lang='lat' dir='ltr'><strong>incipiebat</strong></span> <span class='ocrx_word' id='word_1_195' title='bbox 1575 2743 1862 2807; x_wconf 90' lang='lat' dir='ltr'><strong>officium</strong></span> <span class='ocrx_word' id='word_1_196' title='bbox 1907 2746 2126 2807; x_wconf 87' lang='lat' dir='ltr'><strong>missae</strong></span> <span class='ocrx_word' id='word_1_197' title='bbox 2170 2743 2239 2806; x_wconf 91' lang='lat' dir='ltr'><strong>in</strong></span> <span class='ocrx_word' id='word_1_198' title='bbox 2286 2745 2488 2808; x_wconf 89' lang='lat' dir='ltr'><strong>choro</strong></span> <span class='ocrx_word' id='word_1_199' title='bbox 2534 2744 2614 2808; x_wconf 92' lang='lat' dir='ltr'><strong>de</strong></span> <span class='ocrx_word' id='word_1_200' title='bbox 2656 2801 2659 2804; x_wconf 77' lang='grc'><strong><em>,</em></strong></span> 
     </span>
     <span class='ocr_line' id='line_1_25' title="bbox 312 2825 2616 2934; baseline 0.001 -25"><span class='ocrx_word' id='word_1_201' title='bbox 312 2847 419 2931; x_wconf 91' lang='lat' dir='ltr'><strong>(ut</strong></span> <span class='ocrx_word' id='word_1_202' title='bbox 463 2848 625 2910; x_wconf 87' lang='lat' dir='ltr'><strong>mihi</strong></span> <span class='ocrx_word' id='word_1_203' title='bbox 679 2847 1049 2931; x_wconf 86' lang='lat' dir='ltr'><strong>videbatur)</strong></span> <span class='ocrx_word' id='word_1_204' title='bbox 1085 2846 1331 2911; x_wconf 83' lang='lat' dir='ltr'><strong>Sancta</strong></span> <span class='ocrx_word' id='word_1_205' title='bbox 1377 2847 1730 2913; x_wconf 88' lang='lat' dir='ltr'><strong>Trinitate.</strong></span> <span class='ocrx_word' id='word_1_206' title='bbox 1819 2848 1911 2914; x_wconf 91' lang='lat' dir='ltr'><strong>Et</strong></span> <span class='ocrx_word' id='word_1_207' title='bbox 1948 2825 2274 2934; x_wconf 52' lang='lat' dir='ltr'><strong>‘praefatus</strong></span> <span class='ocrx_word' id='word_1_208' title='bbox 2308 2849 2616 2913; x_wconf 87' lang='lat' dir='ltr'><strong>dominus</strong></span> 
     </span>
     <span class='ocr_line' id='line_1_26' title="bbox 311 2949 2613 3038; baseline 0.001 -25"><span class='ocrx_word' id='word_1_209' title='bbox 311 2949 871 3034; x_wconf 89' lang='lat' dir='ltr'><strong>Archiepiscopus</strong></span> <span class='ocrx_word' id='word_1_210' title='bbox 904 2949 1150 3013; x_wconf 90' lang='lat' dir='ltr'><strong>dictam</strong></span> <span class='ocrx_word' id='word_1_211' title='bbox 1180 2950 1456 3032; x_wconf 82' lang='lat' dir='ltr'><strong>missam</strong></span> <span class='ocrx_word' id='word_1_212' title='bbox 1482 2951 1726 3015; x_wconf 88' lang='lat' dir='ltr'><strong>ibidem</strong></span> <span class='ocrx_word' id='word_1_213' title='bbox 1758 2953 1828 3015; x_wconf 91' lang='lat' dir='ltr'><strong>in</strong></span> <span class='ocrx_word' id='word_1_214' title='bbox 1847 2955 2089 3017; x_wconf 90' lang='lat' dir='ltr'><strong>throno</strong></span> <span class='ocrx_word' id='word_1_215' title='bbox 2124 2974 2268 3030; x_wconf 91' lang='lat' dir='ltr'><strong>suo,</strong></span> <span class='ocrx_word' id='word_1_216' title='bbox 2297 2972 2504 3038; x_wconf 89' lang='lat' dir='ltr'><strong>usque</strong></span> <span class='ocrx_word' id='word_1_217' title='bbox 2530 2953 2613 3016; x_wconf 87' lang='lat' dir='ltr'><strong>ad</strong></span> 
     </span>
     <span class='ocr_line' id='line_1_27' title="bbox 314 3053 2618 3133; baseline 0.002 -16"><span class='ocrx_word' id='word_1_218' title='bbox 314 3053 730 3117; x_wconf 85' lang='lat' dir='ltr'><strong>offertorium</strong></span> <span class='ocrx_word' id='word_1_219' title='bbox 772 3056 839 3116; x_wconf 91' lang='lat' dir='ltr'><strong>in</strong></span> <span class='ocrx_word' id='word_1_220' title='bbox 886 3055 1087 3118; x_wconf 89' lang='lat' dir='ltr'><strong>choro</strong></span> <span class='ocrx_word' id='word_1_221' title='bbox 1135 3053 1586 3131; x_wconf 89' lang='lat' dir='ltr'><strong>decantatum,</strong></span> <span class='ocrx_word' id='word_1_222' title='bbox 1633 3056 2036 3133; x_wconf 84' lang='lat' dir='ltr'><strong>celebrabat,</strong></span> <span class='ocrx_word' id='word_1_223' title='bbox 2068 3064 2139 3121; x_wconf 91' lang='lat' dir='ltr'><strong>et</strong></span> <span class='ocrx_word' id='word_1_224' title='bbox 2182 3058 2532 3122; x_wconf 88' lang='lat' dir='ltr'><strong>discedens</strong></span> <span class='ocrx_word' id='word_1_225' title='bbox 2577 3078 2618 3121; x_wconf 89' lang='lat' dir='ltr'><strong>a</strong></span> 
     </span>
     <span class='ocr_line' id='line_1_28' title="bbox 312 3156 2612 3250; baseline 0.001 -29"><span class='ocrx_word' id='word_1_226' title='bbox 312 3160 554 3222; x_wconf 90' lang='lat' dir='ltr'><strong>throno</strong></span> <span class='ocrx_word' id='word_1_227' title='bbox 605 3158 689 3221; x_wconf 86' lang='lat' dir='ltr'><strong>ad</strong></span> <span class='ocrx_word' id='word_1_228' title='bbox 743 3156 959 3222; x_wconf 86' lang='lat' dir='ltr'><strong>altare</strong></span> <span class='ocrx_word' id='word_1_229' title='bbox 1012 3158 1097 3222; x_wconf 91' lang='lat' dir='ltr'><strong>ad</strong></span> <span class='ocrx_word' id='word_1_230' title='bbox 1144 3157 1466 3222; x_wconf 85' lang='lat' dir='ltr'><strong>lavandas</strong></span> <span class='ocrx_word' id='word_1_231' title='bbox 1520 3181 1759 3250; x_wconf 79' lang='lat' dir='ltr'><strong>manus</strong></span> <span class='ocrx_word' id='word_1_232' title='bbox 1815 3182 1992 3237; x_wconf 88' lang='lat' dir='ltr'><strong>suas,</strong></span> <span class='ocrx_word' id='word_1_233' title='bbox 2040 3162 2315 3226; x_wconf 89' lang='lat' dir='ltr'><strong>missam</strong></span> <span class='ocrx_word' id='word_1_234' title='bbox 2370 3161 2612 3225; x_wconf 90' lang='lat' dir='ltr'><strong>ibidem</strong></span> 
     </span>
     <span class='ocr_line' id='line_1_29' title="bbox 316 3262 2611 3347; baseline 0.001 -22"><span class='ocrx_word' id='word_1_235' title='bbox 316 3264 681 3347; x_wconf 85' lang='lat' dir='ltr'><strong>peragebat</strong></span> <span class='ocrx_word' id='word_1_236' title='bbox 711 3283 922 3345; x_wconf 90' lang='lat' dir='ltr'><strong>usque</strong></span> <span class='ocrx_word' id='word_1_237' title='bbox 971 3262 1055 3327; x_wconf 92' lang='lat' dir='ltr'><strong>ad</strong></span> <span class='ocrx_word' id='word_1_238' title='bbox 1099 3262 1455 3326; x_wconf 89' lang='lat' dir='ltr'><strong>secundam</strong></span> <span class='ocrx_word' id='word_1_239' title='bbox 1500 3262 1908 3327; x_wconf 87' lang='lat' dir='ltr'><strong>lavationem</strong></span> <span class='ocrx_word' id='word_1_240' title='bbox 1955 3286 2269 3328; x_wconf 90' lang='lat' dir='ltr'><strong>manuum</strong></span> <span class='ocrx_word' id='word_1_241' title='bbox 2317 3283 2611 3328; x_wconf 85' lang='lat' dir='ltr'><strong>suarum.</strong></span> 
     </span>
     <span class='ocr_line' id='line_1_30' title="bbox 317 3356 2625 3445; baseline 0.001 -16"><span class='ocrx_word' id='word_1_242' title='bbox 317 3366 573 3429; x_wconf 89' lang='lat' dir='ltr'><strong>Deinde</strong></span> <span class='ocrx_word' id='word_1_243' title='bbox 607 3386 763 3429; x_wconf 89' lang='lat' dir='ltr'><strong>vero</strong></span> <span class='ocrx_word' id='word_1_244' title='bbox 797 3366 1162 3430; x_wconf 89' lang='lat' dir='ltr'><strong>ascendens</strong></span> <span class='ocrx_word' id='word_1_245' title='bbox 1182 3366 1429 3430; x_wconf 88' lang='lat' dir='ltr'><strong>iterato</strong></span> <span class='ocrx_word' id='word_1_246' title='bbox 1462 3366 1544 3429; x_wconf 91' lang='lat' dir='ltr'><strong>ad</strong></span> <span class='ocrx_word' id='word_1_247' title='bbox 1572 3368 1889 3431; x_wconf 87' lang='lat' dir='ltr'><strong>thronum</strong></span> <span class='ocrx_word' id='word_1_248' title='bbox 1917 3388 2131 3445; x_wconf 89' lang='lat' dir='ltr'><strong>suum,</strong></span> <span class='ocrx_word' id='word_1_249' title='bbox 2156 3356 2625 3432; x_wconf 78' lang='lat' dir='ltr'><strong>communione</strong></span> 
     </span>
     <span class='ocr_line' id='line_1_31' title="bbox 322 3470 2617 3556; baseline 0.001 -22"><span class='ocrx_word' id='word_1_250' title='bbox 322 3482 392 3534; x_wconf 89' lang='lat' dir='ltr'><strong>et</strong></span> <span class='ocrx_word' id='word_1_251' title='bbox 445 3471 1059 3555; x_wconf 87' lang='lat' dir='ltr'><strong>postcommunione</strong></span> <span class='ocrx_word' id='word_1_252' title='bbox 1121 3492 1268 3534; x_wconf 90' lang='lat' dir='ltr'><strong>cum</strong></span> <span class='ocrx_word' id='word_1_253' title='bbox 1326 3470 1611 3556; x_wconf 86' lang='lat' dir='ltr'><strong>(forsan)</strong></span> <span class='ocrx_word' id='word_1_254' title='bbox 1658 3473 1765 3536; x_wconf 84' lang='lat' dir='ltr'><strong>Ite</strong></span> <span class='ocrx_word' id='word_1_255' title='bbox 1818 3475 2029 3536; x_wconf 86' lang='lat' dir='ltr'><strong>missa</strong></span> <span class='ocrx_word' id='word_1_256' title='bbox 2085 3482 2184 3537; x_wconf 83' lang='lat' dir='ltr'><strong>est</strong></span> <span class='ocrx_word' id='word_1_257' title='bbox 2235 3494 2278 3537; x_wconf 88' lang='lat' dir='ltr'><strong>a</strong></span> <span class='ocrx_word' id='word_1_258' title='bbox 2322 3472 2617 3537; x_wconf 91' lang='lat' dir='ltr'><strong>Diacono</strong></span> 
     </span>
     <span class='ocr_line' id='line_1_32' title="bbox 323 3575 2620 3661; baseline -0.001 -19"><span class='ocrx_word' id='word_1_259' title='bbox 323 3599 466 3653; x_wconf 90' lang='lat' dir='ltr'><strong>suo,</strong></span> <span class='ocrx_word' id='word_1_260' title='bbox 499 3576 810 3641; x_wconf 86' lang='lat' dir='ltr'><strong>videlicet</strong></span> <span class='ocrx_word' id='word_1_261' title='bbox 854 3578 1180 3661; x_wconf 86' lang='lat' dir='ltr'><strong>magistro</strong></span> <span class='ocrx_word' id='word_1_262' title='bbox 1230 3575 1600 3641; x_wconf 86' lang='lat' dir='ltr'><strong>Cuthberto</strong></span> <span class='ocrx_word' id='word_1_263' title='bbox 1648 3576 1980 3642; x_wconf 87' lang='lat' dir='ltr'><strong>Marshall</strong></span> <span class='ocrx_word' id='word_1_264' title='bbox 2027 3577 2090 3641; x_wconf 80' lang='lat' dir='ltr'><strong>S.</strong></span> <span class='ocrx_word' id='word_1_265' title='bbox 2140 3578 2216 3641; x_wconf 90' lang='lat' dir='ltr'><strong>T.</strong></span> <span class='ocrx_word' id='word_1_266' title='bbox 2264 3578 2334 3641; x_wconf 89' lang='lat' dir='ltr'><strong>P.</strong></span> <span class='ocrx_word' id='word_1_267' title='bbox 2385 3578 2620 3640; x_wconf 85' lang='lat' dir='ltr'><strong>Archi-</strong></span> 
     </span>
     <span class='ocr_line' id='line_1_33' title="bbox 318 3681 2477 3768; baseline -0.002 -19"><span class='ocrx_word' id='word_1_268' title='bbox 318 3685 598 3749; x_wconf 87' lang='lat' dir='ltr'><strong>diacono</strong></span> <span class='ocrx_word' id='word_1_269' title='bbox 630 3682 1100 3768; x_wconf 87' lang='lat' dir='ltr'><strong>Nottingham,</strong></span> <span class='ocrx_word' id='word_1_270' title='bbox 1134 3687 1566 3767; x_wconf 70' lang='lat' dir='ltr'><strong>praecantata,</strong></span> <span class='ocrx_word' id='word_1_271' title='bbox 1599 3682 1987 3747; x_wconf 85' lang='lat' dir='ltr'><strong>solemniter</strong></span> <span class='ocrx_word' id='word_1_272' title='bbox 2018 3681 2477 3767; x_wconf 88' lang='lat' dir='ltr'><strong>perimplebat.</strong></span> 
     </span>
    </p>

    <p class='ocr_par' dir='ltr' id='par_1_8' title="bbox 305 3787 2696 4486">
     <span class='ocr_line' id='line_1_34' title="bbox 445 3787 2614 3874; baseline 0 -23"><span class='ocrx_word' id='word_1_273' title='bbox 445 3788 698 3874; x_wconf 75' lang='lat' dir='ltr'><strong>Quibus</strong></span> <span class='ocrx_word' id='word_1_274' title='bbox 785 3789 879 3852; x_wconf 89' lang='lat' dir='ltr'><strong>sic</strong></span> <span class='ocrx_word' id='word_1_275' title='bbox 954 3788 1189 3873; x_wconf 86' lang='lat' dir='ltr'><strong>gestis,</strong></span> <span class='ocrx_word' id='word_1_276' title='bbox 1265 3787 1585 3872; x_wconf 76' lang='lat' dir='ltr'><strong>praefatus</strong></span> <span class='ocrx_word' id='word_1_277' title='bbox 1659 3788 1967 3854; x_wconf 86' lang='lat' dir='ltr'><strong>dominus</strong></span> <span class='ocrx_word' id='word_1_278' title='bbox 2049 3788 2614 3873; x_wconf 88' lang='lat' dir='ltr'><strong>Archiepiscopus</strong></span> 
     </span>
     <span class='ocr_line' id='line_1_35' title="bbox 305 3879 2608 3980; baseline -0 -23"><span class='ocrx_word' id='word_1_279' title='bbox 305 3879 718 3977; x_wconf 81' lang='lat' dir='ltr'><strong>descendens</strong></span> <span class='ocrx_word' id='word_1_280' title='bbox 751 3915 792 3957; x_wconf 91' lang='lat' dir='ltr'><strong>a</strong></span> <span class='ocrx_word' id='word_1_281' title='bbox 822 3895 1066 3958; x_wconf 88' lang='lat' dir='ltr'><strong>throno</strong></span> <span class='ocrx_word' id='word_1_282' title='bbox 1103 3914 1310 3977; x_wconf 87' lang='lat' dir='ltr'><strong>usque</strong></span> <span class='ocrx_word' id='word_1_283' title='bbox 1339 3893 1747 3957; x_wconf 82' lang='lat' dir='ltr'><strong>vestibulum</strong></span> <span class='ocrx_word' id='word_1_284' title='bbox 1778 3894 2161 3980; x_wconf 67' lang='lat' dir='ltr'><strong>praedictum</strong></span> <span class='ocrx_word' id='word_1_285' title='bbox 2189 3912 2358 3978; x_wconf 92' lang='lat' dir='ltr'><strong>pone</strong></span> <span class='ocrx_word' id='word_1_286' title='bbox 2391 3893 2608 3957; x_wconf 87' lang='lat' dir='ltr'><strong>altare</strong></span> 
     </span>
     <span class='ocr_line' id='line_1_36' title="bbox 315 3995 2693 4085; baseline -0.002 -22"><span class='ocrx_word' id='word_1_287' title='bbox 315 4020 633 4085; x_wconf 85' lang='lat' dir='ltr'><strong>magnum</strong></span> <span class='ocrx_word' id='word_1_288' title='bbox 679 3998 791 4062; x_wconf 92' lang='grc'>11111</span> <span class='ocrx_word' id='word_1_289' title='bbox 835 3998 1149 4063; x_wconf 89' lang='lat' dir='ltr'><strong>inductus</strong></span> <span class='ocrx_word' id='word_1_290' title='bbox 1194 4001 1438 4075; x_wconf 90' lang='lat' dir='ltr'><strong>fuerat,</strong></span> <span class='ocrx_word' id='word_1_291' title='bbox 1471 4021 1554 4064; x_wconf 90' lang='lat' dir='ltr'><strong>ex</strong></span> <span class='ocrx_word' id='word_1_292' title='bbox 1600 4006 1793 4085; x_wconf 89' lang='lat' dir='ltr'><strong>parte</strong></span> <span class='ocrx_word' id='word_1_293' title='bbox 1841 3998 2104 4063; x_wconf 86' lang='lat' dir='ltr'><strong>boreali</strong></span> <span class='ocrx_word' id='word_1_294' title='bbox 2139 3996 2452 4062; x_wconf 71' lang='lat' dir='ltr'><strong>Ecclesiae</strong></span> <span class='ocrx_word' id='word_1_295' title='bbox 2500 3998 2613 4061; x_wconf 91' lang='lat' dir='ltr'><strong>ubi</strong></span> <span class='ocrx_word' id='word_1_296' title='bbox 2689 3995 2693 3998; x_wconf 56' lang='grc'>“</span> 
     </span>
     <span class='ocr_line' id='line_1_37' title="bbox 307 4101 2696 4190; baseline -0.001 -23"><span class='ocrx_word' id='word_1_297' title='bbox 307 4105 453 4167; x_wconf 87' lang='lat' dir='ltr'><strong>fieri</strong></span> <span class='ocrx_word' id='word_1_298' title='bbox 486 4104 747 4167; x_wconf 88' lang='lat' dir='ltr'><strong>solebat</strong></span> <span class='ocrx_word' id='word_1_299' title='bbox 779 4102 1158 4186; x_wconf 85' lang='lat' dir='ltr'><strong>sepulcrum</strong></span> <span class='ocrx_word' id='word_1_300' title='bbox 1192 4104 1459 4167; x_wconf 87' lang='lat' dir='ltr'><strong>Domini</strong></span> <span class='ocrx_word' id='word_1_301' title='bbox 1491 4105 1704 4168; x_wconf 86' lang='lat' dir='ltr'><strong>nostri</strong></span> <span class='ocrx_word' id='word_1_302' title='bbox 1735 4103 1776 4167; x_wconf 87' lang='lat' dir='ltr'><strong>J</strong></span> <span class='ocrx_word' id='word_1_303' title='bbox 1782 4125 1900 4167; x_wconf 89' lang='lat' dir='ltr'><strong>esu</strong></span> <span class='ocrx_word' id='word_1_304' title='bbox 1933 4102 2185 4167; x_wconf 88' lang='lat' dir='ltr'><strong>Christ-i</strong></span> <span class='ocrx_word' id='word_1_305' title='bbox 2216 4101 2299 4165; x_wconf 90' lang='lat' dir='ltr'><strong>ad</strong></span> <span class='ocrx_word' id='word_1_306' title='bbox 2332 4101 2610 4177; x_wconf 85' lang='lat' dir='ltr'><strong>Pascha,</strong></span> <span class='ocrx_word' id='word_1_307' title='bbox 2690 4184 2696 4190; x_wconf 91' lang='lat'>.</span> 
     </span>
     <span class='ocr_line' id='line_1_38' title="bbox 321 4197 2617 4295; baseline -0.003 -23"><span class='ocrx_word' id='word_1_308' title='bbox 321 4209 405 4272; x_wconf 90' lang='lat' dir='ltr'><strong>ad</strong></span> <span class='ocrx_word' id='word_1_309' title='bbox 452 4208 821 4271; x_wconf 86' lang='lat' dir='ltr'><strong>exuendum</strong></span> <span class='ocrx_word' id='word_1_310' title='bbox 871 4229 941 4271; x_wconf 91' lang='lat' dir='ltr'><strong>se</strong></span> <span class='ocrx_word' id='word_1_311' title='bbox 991 4208 1291 4272; x_wconf 88' lang='lat' dir='ltr'><strong>vestibus</strong></span> <span class='ocrx_word' id='word_1_312' title='bbox 1338 4209 1477 4273; x_wconf 87' lang='lat' dir='ltr'><strong>suis</strong></span> <span class='ocrx_word' id='word_1_313' title='bbox 1507 4208 1944 4295; x_wconf 88' lang='lat' dir='ltr'><strong>Evangelium</strong></span> <span class='ocrx_word' id='word_1_314' title='bbox 1997 4197 2224 4271; x_wconf 82' lang='lat' dir='ltr'><strong>Sancti</strong></span> <span class='ocrx_word' id='word_1_315' title='bbox 2267 4205 2617 4279; x_wconf 80' lang='lat' dir='ltr'><strong>Johannis,</strong></span> 
     </span>
     <span class='ocr_line' id='line_1_39' title="bbox 332 4311 2628 4402; baseline -0.003 -23"><span class='ocrx_word' id='word_1_316' title='bbox 332 4316 645 4379; x_wconf 85' lang='lat' dir='ltr'><strong>videlicet</strong></span> <span class='ocrx_word' id='word_1_317' title='bbox 673 4316 761 4378; x_wconf 84' lang='lat' dir='ltr'><strong>In</strong></span> <span class='ocrx_word' id='word_1_318' title='bbox 803 4318 1152 4398; x_wconf 81' lang='lat' dir='ltr'><strong>principio</strong></span> <span class='ocrx_word' id='word_1_319' title='bbox 1185 4328 1333 4382; x_wconf 85' lang='lat' dir='ltr'><strong>erat</strong></span> <span class='ocrx_word' id='word_1_320' title='bbox 1373 4318 1657 4382; x_wconf 86' lang='lat' dir='ltr'><strong>Verbum</strong></span> <span class='ocrx_word' id='word_1_321' title='bbox 1692 4320 1825 4400; x_wconf 53' lang='lat' dir='ltr'><strong>gre„</strong></span> <span class='ocrx_word' id='word_1_322' title='bbox 1860 4315 1964 4402; x_wconf 88' lang='lat' dir='ltr'><strong>(ut</strong></span> <span class='ocrx_word' id='word_1_323' title='bbox 2007 4312 2367 4399; x_wconf 89' lang='lat' dir='ltr'><strong>apparuit‚)</strong></span> <span class='ocrx_word' id='word_1_324' title='bbox 2403 4311 2628 4376; x_wconf 89' lang='lat' dir='ltr'><strong>ambu-</strong></span> 
     </span>
     <span class='ocr_line' id='line_1_40' title="bbox 330 4420 844 4486; baseline -0.002 -2"><span class='ocrx_word' id='word_1_325' title='bbox 330 4420 527 4486; x_wconf 86' lang='lat' dir='ltr'><strong>lando</strong></span> <span class='ocrx_word' id='word_1_326' title='bbox 560 4420 844 4485; x_wconf 87' lang='lat' dir='ltr'><strong>dicebat.</strong></span> 
     </span>
    </p>
   </div>
  </div>
 </body>
</html>
