3117 5025
535 357 617 418 12
1226 363 1490 424 Ordina
1502 363 1597 424 tio
1631 365 1689 423 A
1706 362 2119 445 colythorum
2132 412 2144 425 .

534 683 821 761 Christo,
871 687 998 785 qui⁸
1033 709 1178 750 cum
1231 708 1409 750 e--o
1472 694 1541 752 et
1591 688 1899 773 Spi-ri-tu
1951 689 2192 754 Sancto
2244 690 2438 755 vi-vit
2485 696 2553 754 et
2599 696 2839 775 regnat

529 819 832 930 E

530 959 660 1022 De·
681 982 809 1025 -us.

621 1218 703 1281 O·
725 1241 855 1283 -re-
876 1243 1072 1285 -mus.

1070 1325 1442 1390 Diaconum
1532 1326 1932 1392 Fleetamus.
2029 1328 2299 1392 Levate.

1143 1444 1412 1521 Sequitur
1436 1446 1764 1504 Benedictio
1791 1445 2217 1524 Acolythorum.

617 1540 894 1604 Domine
957 1548 1206 1616 sancte,
1259 1542 1459 1604 Pater
1519 1541 1952 1624 omnipotenS,
2006 1547 2248 1605 aeterne
2297 1540 2501 1615 Deus,
2556 1539 2666 1623 qui
2716 1559 2834 1623 per
2888 1570 2891 1573 ⁴

531 1642 569 1706 J
578 1665 765 1706 esum
792 1642 1127 1707 Christum
1152 1642 1396 1706 Filium
1418 1651 1610 1706 tuum
1633 1643 1988 1706 Dominum
2015 1649 2315 1708 nostrum
2340 1649 2409 1707 et
2432 1663 2550 1726 per
2573 1649 2833 1724 aposto-

532 1746 633 1810 los
667 1748 836 1829 ejuS,
865 1747 934 1809 in
966 1747 1137 1809 hunc
1165 1747 1478 1810 mundum
1509 1746 1730 1810 lumen
1757 1746 2085 1811 claritatis
2116 1752 2244 1811 tuae
2274 1746 2540 1820 misisti,
2574 1744 2835 1827 quique,

532 1854 609 1911 ut
621 1849 853 1912 mortis
869 1856 1108 1912 nostrae
1127 1850 1469 1933 antiquum
1483 1848 1786 1913 aboleres
1806 1850 2337 1935 chirographum,
2349 1846 2838 1933 gloriosissimae

531 1952 722 2014 illum
768 1952 980 2014 crucis
1024 1951 1267 2015 vexillo
1311 1952 1511 2035 affigi,
1552 1958 1622 2015 et
1668 1953 2054 2038 sanguinem
2100 1959 2167 2016 et
2219 1973 2457 2036 aquam
2502 1972 2583 2013 ex
2628 1950 2836 2013 latere

533 2055 715 2118 illius
748 2076 865 2138 pro
901 2054 1114 2117 salute
1145 2054 1410 2138 generis
1439 2055 1708 2117 humani
1756 2056 2020 2117 effluere
2065 2054 2353 2129 voluisti,
2385 2050 2835 2125 bene>1⁴dicere

532 2158 808 2242 dignare
865 2157 986 2219 hos
1039 2154 1323 2218 famulos
1377 2162 1527 2218 tuos
1582 2155 1668 2219 N.
1719 2157 1786 2218 in
1834 2156 2043 2219 officio
2099 2156 2570 2240 acolythorum,
2624 2159 2701 2218 ut
2749 2154 2832 2217 ad

533 2259 1014 2325 accendendum
1040 2257 1262 2320 lumen
1284 2256 1574 2320 ecclesiae
1597 2263 1726 2320 tuae
1764 2265 1831 2321 et
1854 2258 1938 2321 ad
1979 2258 2465 2343 suggerendum
2510 2257 2734 2319 vinum
2765 2263 2835 2319 et

535 2384 773 2447 aquam
795 2361 879 2424 ad
910 2360 1376 2424 conficiendum
1413 2359 1802 2443 sanguinem
1827 2359 2075 2423 Christi
2100 2361 2257 2423 Filii
2287 2360 2386 2424 tui
2410 2360 2479 2421 in
2501 2359 2834 2422 offerenda

537 2464 958 2540 eucharistia,
1028 2462 1276 2527 sanetis
1350 2460 1673 2525 altaribus
1747 2463 1881 2526 tuis
1954 2462 2243 2527 fideliter
2316 2461 2833 2526 subministrent.

539 2569 858 2642 Accende,
891 2566 1189 2641 Domine,
1220 2570 1477 2627 mentes
1522 2586 1749 2627 eorum
1791 2570 1859 2628 et
1888 2566 2107 2641 corda,
2142 2566 2224 2628 ad
2268 2585 2556 2628 amorem
2602 2564 2831 2649 gratiae

535 2680 682 2748 tuae,
709 2677 785 2735 ut
829 2669 1184 2732 illuminati
1227 2666 1414 2730 vultu
1463 2667 1831 2750 splendoris
1875 2669 1994 2744 tui,
2025 2668 2311 2731 fideliter
2341 2668 2460 2731 tibi
2506 2667 2573 2730 in
2605 2677 2835 2730 sancta

535 2773 816 2837 ecclesia
859 2771 1259 2834 deserviant.
1349 2770 1476 2831 Per
1522 2771 1799 2831 eundem
1852 2771 2205 2833 Dominum
2259 2776 2560 2833 nostrum
2605 2769 2833 2833 Jesum

532 2879 867 2940 Christum
899 2876 1139 2937 Filium
1172 2882 1379 2937 tuum.
1471 2874 1594 2956 Qui
1625 2881 1843 2936 tecum
1877 2875 2043 2939 vivit
2071 2883 2139 2938 et
2174 2882 2431 2960 regnat.

1497 2976 1791 3040 Oremus.

616 3082 894 3147 Domine
958 3087 1203 3157 sancte,
1267 3082 1463 3145 Pater
1523 3082 1955 3163 omnipotenS,
2016 3088 2254 3146 aeterne
2315 3082 2516 3159 Deus,
2577 3083 2688 3167 qui
2748 3085 2829 3147 ad

530 3190 806 3270 Moysen
868 3192 937 3248 et
996 3187 1219 3247 Aaron
1280 3184 1537 3247 locutus
1599 3205 1671 3247 es
1731 3192 1808 3247 ut
1865 3186 2375 3249 accenderentur
2431 3186 2711 3250 lucernae
2763 3188 2830 3250 in

531 3289 958 3356 tabernaculo
1033 3288 1412 3362 testimonii,
1481 3285 1934 3358 beneffidicere
2002 3290 2294 3374 digneris
2362 3292 2482 3354 hos
2547 3292 2829 3355 famulos

532 3406 704 3470 ῐιιοε,
739 3394 826 3457 Ν.
862 3400 937 3456 ut
969 3394 1103 3456 sint
1132 3390 1421 3475 acolythi
1454 3391 1519 3452 in
1553 3390 1835 3455 ecclesia
1864 3396 2000 3456 tua.
2095 3395 2238 3455 Per.

1577 3496 1837 3558 OratiO.

617 3607 1046 3690 Omnipotens
1080 3604 1474 3685 sempiterne
1520 3598 1725 3674 Deus,
1757 3601 1903 3662 fons
1951 3601 2114 3664 lucis
2148 3608 2213 3665 et
2263 3603 2446 3687 origo
2493 3604 2827 3679 bonitatis,

526 3716 640 3798 qui
674 3732 789 3795 per
818 3709 860 3772 J
865 3729 1044 3772 esum
1086 3706 1421 3769 Christum
1468 3702 1709 3764 Filium
1744 3709 1949 3777 tuum,
1984 3704 2198 3767 lumen
2240 3726 2482 3781 verum,
2516 3707 2827 3769 mundum

528 3813 938 3887 illuminasti,
964 3810 1235 3892 ejusque
1268 3806 1596 3890 passionis
1628 3808 1939 3888 mysterio
1985 3808 2343 3883 redemisti,
2374 3805 2828 3878 beneffldicere

524 3924 801 4004 dignare
852 3917 975 3977 hos
1028 3910 1313 3976 famulos
1373 3916 1542 3985 tuos»,
1602 3910 1688 3972 N.
1744 3930 1909 3992 quos
1970 3911 2036 3972 in
2105 3911 2313 3974 officio
2375 3911 2826 3995 acolythorum

523 4038 1006 4092 consecramus,
1056 4019 1400 4098 poscentes
1449 4012 1866 4074 clementiam
1921 4017 2121 4087 tuam,
2173 4020 2247 4076 ut
2300 4035 2525 4076 eorum
2575 4023 2830 4080 mentes

522 4137 593 4190 et
640 4124 882 4186 lumine
928 4118 1211 4182 scientiae
1258 4121 1385 4178 tuae
1432 4113 1750 4187 illustres,
1791 4122 1858 4174 et
1903 4115 2170 4196 pietatis
2217 4121 2343 4178 tuae
2389 4138 2535 4179 rore
2569 4119 2825 4202 irrigeS,

525 4237 596 4291 ut
643 4228 737 4290 ita
792 4225 1170 4308 perceptum
1226 4217 1681 4291 ministerium,
1731 4225 1796 4278 te
1846 4216 2228 4293 auxiliante,
2277 4224 2621 4303 peragant,
2669 4241 2826 4303 qua-
