3117 5025
491 374 577 437 94
931 376 1438 442 Reconciliatio
1468 377 1798 442 Ecclesiae
1826 376 1934 441 vel
1970 375 2370 440 G'oemeterii.

581 579 843 645 Chorus
872 583 1282 664 respondeat
1308 582 1429 647 sic.

485 742 2206 862 Q

569 890 934 969 Do-mi-ne‚
967 893 1052 957 ad
1081 894 1592 977 ad-ju·vandum
1622 915 1729 958 me
1759 894 2091 959 fes-ti-na.

573 991 807 1059 Gloria.
835 996 1047 1061 Patri.
1139 996 1328 1061 Sicut
1357 1004 1525 1062 erat.
1615 996 1938 1062 Alleluia.

557 1095 766 1155 Postea
780 1098 896 1173 fiat
922 1098 1226 1157 benedictio
1251 1099 1410 1171 salis,
1443 1120 1624 1177 aquoe,
1651 1100 1927 1170 cinerum,
1958 1106 2010 1158 et
2035 1099 2181 1168 vini,
2214 1096 2314 1157 hoc
2339 1097 2519 1156 mode.

571 1192 893 1259 Exorcizo
923 1197 1013 1270 te,
1045 1199 1355 1260 creatura
1399 1194 1586 1271 salis,
1616 1195 1685 1259 in
1716 1195 1982 1260 nomine
2025 1194 2295 1259 Domini
2342 1187 2682 1269 nostri—N
2686 1212 2813 1256 esu

481 1293 756 1371 Christi,
801 1295 917 1380 qui
969 1297 1300 1381 apostolis
1353 1297 1493 1362 suis
1538 1298 1657 1373 ait,
1702 1296 1849 1363 Vos
1901 1296 2068 1363 estis
2120 1296 2224 1362 sal
2276 1303 2518 1373 terrae3
2562 1302 2635 1359 et
2682 1314 2810 1378 per

483 1398 866 1483 apostolum
897 1399 1079 1477 dicit,
1115 1399 1219 1465 Sit
1248 1420 1364 1465 cor
1391 1404 1693 1465 vestrum
1726 1400 1868 1466 sale
1899 1400 2277 1477 conditum3
2323 1405 2403 1464 nt
2435 1396 2811 1478 sanctifi-fi·-

479 1501 652 1566 ceris
683 1502 766 1566 ad
813 1503 1380 1568 consecrationem
1420 1504 1571 1586 (vel
1612 1502 2250 1589 reconciliationem)
2282 1502 2486 1585 hujus
2516 1499 2815 1564 ecclesiae

479 1610 552 1669 et
600 1604 839 1670 altaris
889 1604 1038 1687 (vel
1089 1605 1475 1690 coemeterii)
1534 1606 1620 1670 ad
1673 1606 2103 1692 expellendas
2156 1621 2386 1670 omnes
2437 1604 2809 1668 daemonum

480 1707 981 1792 temptationes,
1013 1710 1083 1772 et
1111 1708 1416 1771 omnibus
1447 1708 1561 1793 qui
1593 1730 1677 1773 ex
1707 1717 1777 1773 te
1810 1709 2237 1794 sumpserint,
2270 1710 2366 1772 sis
2396 1706 2693 1792 corporis
2739 1711 2815 1772 et

482 1811 717 1875 animae
745 1814 1217 1887 tutamentum,
1249 1811 1508 1877 sanitas
1538 1815 1611 1876 et
1637 1811 1965 1896 protectio
1996 1815 2068 1877 et
2095 1811 2510 1877 confirmatio
2542 1808 2808 1874 salutis.

482 1915 616 1980 Per
659 1936 808 1979 eum
857 1914 971 1999 qui
1015 1919 1340 1980 venturus
1385 1922 1492 1982 est
1528 1916 1833 2001 judicare
1879 1916 2070 1981 vivos
2114 1921 2187 1981 et
2229 1920 2530 1980 mortuos
2573 1917 2644 1977 et
2687 1931 2810 1976 εω-

482 2018 704 2084 culum
734 2020 1133 2105 perignem.
1220 2020 1460 2085 Amen.

572 2122 975 2188 Benedictio
1004 2123 1202 2189 salio.

572 2224 878 2292 Oremus.

577 2330 843 2397 Oratio.
929 2327 1216 2396 Domine
1249 2334 1503 2407 sancte,
1532 2329 1740 2395 Pater
1768 2329 2215 2415 omnipotens,
2244 2320 2602 2404 beneffidic
2630 2327 2814 2392 hanc

482 2438 859 2498 creaturam
919 2433 1084 2499 salis
1142 2434 1227 2498 ad
1295 2434 1724 2520 effugandum
1791 2431 2152 2512 inimicum,
2212 2438 2282 2497 et
2342 2432 2678 2497 salubrem
2738 2430 2806 2493 ei

478 2537 874 2603 medicinam
920 2537 1226 2616 immitte,
1272 2541 1351 2603 nt
1392 2537 1476 2602 ad
1530 2537 1768 2602 animae
1813 2543 1885 2603 et
1928 2537 2227 2622 corporis
2281 2557 2353 2602 se
2396 2534 2808 2600 sumentium

479 2641 786 2727 proficiat
815 2641 1195 2706 sanitatem.
1281 2641 1414 2706 Per
1439 2638 1798 2706 Dominum
1830 2645 2154 2706 nostrum.
2208 2687 2214 2691 -

569 2745 901 2827 Sequitur
927 2744 1339 2809 exorcismus
1372 2763 1594 2826 aquae.

570 2846 893 2912 Exorcizo
912 2852 1003 2923 te,
1027 2851 1338 2912 creatura
1357 2866 1566 2931 aquae,
1585 2845 1655 2911 in
1676 2845 1941 2910 nomine
1959 2844 2087 2910 Dei
2104 2838 2178 2913 ’Β
2196 2845 2421 2912 Patris
2451 2850 2522 2910 et
2547 2844 2705 2911 Filii
2726 2834 2809 2912 ’Β

483 2952 554 3014 et
586 2949 875 3034 Spiritus
896 2955 969 3029 *1⁴
994 2949 1242 3027 Sancti,
1265 2955 1343 3015 ut
1370 2947 1664 3035 repellas
1694 2947 2031 3014 diabolum
2061 2971 2104 3014 a
2134 2948 2418 3014 termino
2440 2948 2810 3031 justorum,

480 3072 566 3116 ne
599 3052 690 3116 sit
717 3052 788 3115 in
819 3051 1227 3117 umbraculis
1257 3053 1458 3136 hujus
1490 3051 1785 3116 ecclesiae
1828 3050 1939 3115 vel
1969 3051 2246 3128 altaris3
2293 3058 2363 3117 et
2391 3058 2489 3130 tu,
2519 3050 2811 3115 Domine

479 3155 523 3220 J
527 3176 649 3219 esu
680 3153 971 3231 Christe,
995 3154 1271 3220 infunde
1303 3155 1627 3241 Spiritum
1652 3155 1969 3220 Sanctum
1998 3154 2069 3218 in
2097 3156 2269 3219 hanc
2296 3156 2564 3220 domum
2592 3161 2808 3232 tuam,

475 3257 625 3343 (vel
654 3259 781 3324 hoc
825 3256 1093 3341 altare,)
1123 3263 1203 3323 ut
1244 3258 1558 3343 proficiat
1588 3258 1869 3324 sanitati
1909 3279 2263 3343 corporum
2294 3258 2807 3343 animarumque

480 3361 904 3429 adorantium
949 3368 1039 3440 te,
1086 3366 1157 3427 et
1206 3362 1676 3449 magnificetur
1713 3382 1956 3426 nomen
1998 3367 2190 3426 tuum
2235 3360 2305 3425 in
2349 3363 2684 3448 gentibus,
2732 3367 2810 3428 et

474 3463 797 3530 increduli
847 3465 1044 3529 corde
1103 3469 1582 3530 convertantur
1631 3464 1715 3529 ad
1774 3469 1867 3540 te,
1920 3468 1993 3529 et
2048 3485 2182 3528 non
2240 3465 2534 3529 habeant
2590 3464 2806 3529 alium

479 3565 698 3634 Deum
748 3573 992 3652 praeter
1031 3573 1125 3645 te,
1167 3565 1527 3633 Dominum
1579 3565 1817 3644 solum,
1855 3566 1974 3652 qui
2015 3571 2339 3630 venturus
2386 3586 2463 3632 es
2497 3565 2809 3650 judicare

482 3671 675 3736 vivos
706 3676 779 3734 et
805 3674 1129 3735 mortuos.

570 3772 975 3838 Benedictio
1005 3792 1230 3854 aquae.

570 3873 874 3940 Oremus.

575 3978 838 4043 Oratio.
926 3975 1210 4040 Domine
1264 3980 1517 4053 sancte,
1564 3975 1771 4040 Pater
1821 3976 2263 4062 omnipotens,
2318 3982 2617 4043 statutor
2663 3999 2810 4044 om-

477 4081 662 4146 nium
718 4078 1218 4155 elementorum,
1272 4077 1385 4163 qui
1443 4096 1567 4164 per
1622 4077 1667 4143 J
1670 4099 1857 4144 esum
1911 4080 2256 4147 Christum
2305 4082 2551 4148 Filium
2610 4088 2806 4147 tuum

476 4183 836 4251 Dominum
877 4188 1203 4258 nostrum,
1232 4182 1359 4247 hoe
1402 4182 1809 4247 elementum
1853 4205 2040 4267 aquae
2083 4185 2153 4248 in
2200 4183 2483 4251 salutem
2531 4187 2809 4252 humani

479 4285 747 4376 generis
791 4306 941 4351 esse
986 4284 1303 4363 voluisti3
1350 4289 1419 4351 te
1468 4284 1806 4370 supplices
1850 4286 2304 4372 deprecamur,
2349 4295 2427 4354 ut
2471 4289 2807 4355 exauditis
