3117 5025
489 383 621 447 214
1298 389 1743 454 Consecratio
1775 386 2009 470 Reyis.

968 814 1317 881 INCIPIT
1362 814 1987 882 CONSECRATIO
2029 814 2316 881 REGIS.

564 1017 1016 1079 Consecrandum
1043 1042 1225 1099 reyem
1264 1020 1332 1079 de
1358 1029 1630 1080 conventu
1658 1021 1928 1098 fidelium
1954 1041 2242 1081 servorum
2282 1021 2398 1079 duo
2423 1021 2673 1099 episcopt
2692 1043 2804 1100 per

482 1134 688 1173 manus
704 1114 1030 1193 producant
1057 1117 1138 1175 ad
1162 1116 1470 1188 ecclesiam,
1501 1124 1553 1175 et
1579 1116 1780 1174 choras
1804 1117 2058 1177 decantet
2083 1117 2230 1175 hanc
2257 1117 2657 1194 antiphonam.

571 1208 915 1276 Firmetur
957 1233 1198 1277 manus
1230 1219 1372 1288 tua,
1404 1218 1475 1277 et
1518 1210 1862 1276 exaltetur
1904 1212 2185 1277 dextera
2213 1216 2372 1276 tua:
2412 1210 2691 1294 justitia
2734 1219 2805 1275 et

475 1312 801 1396 judicium
848 1315 1248 1401 praeparatio
1295 1314 1475 1379 sedis
1506 1319 1674 1391 tuae3
1721 1314 2182 1380 misericordia.
2225 1320 2296 1380 et
2337 1315 2592 1379 veritas
2636 1336 2803 1399 prae-

482 1415 726 1481 cedant
751 1417 990 1482 faciem
1023 1423 1233 1482 tuam.
1322 1416 1656 1502 Alleluya.

572 1518 804 1584 Gloria
833 1520 1040 1585 Patri.

560 1623 900 1682 Perveniens
926 1624 1006 1681 ad
1030 1623 1335 1696 ecclesiam,
1360 1632 1686 1702 prosternat
1724 1645 1780 1682 se
1805 1645 1974 1702 saper
1998 1623 2389 1702 pavimentum
2429 1633 2559 1683 ante
2587 1624 2791 1684 altare.

478 1717 884 1777 Pavimentum
911 1726 1102 1777 autem
1125 1728 1369 1778 stratum
1392 1721 1470 1778 sit
1496 1719 1775 1798 tapetibus
1814 1728 1864 1778 et
1898 1720 2125 1798 palliis.
2209 1719 2425 1778 Finita
2452 1720 2789 1799 antiphona,

467 1813 586 1887 fiat
615 1813 830 1872 litania
845 1836 869 1887 余
912 1825 967 1873 et
1006 1815 1257 1894 episcopi
1289 1824 1653 1893 prosternant
1691 1836 1745 1874 se
1771 1837 1939 1894 super
1970 1815 2369 1893 pavimentum
2395 1814 2527 1873 hinc
2553 1823 2604 1874 et
2643 1816 2796 1890 inde,

479 1907 636 1967 circa
662 1908 892 1968 electum
917 1931 1118 1986 reyem.

558 2004 803 2082 Eapleta
865 2013 1054 2064 autem
1108 2005 1341 2078 litania,
1395 2005 1620 2082 eriqant
1670 2026 1744 2063 se.
1844 2005 2086 2063 Erectus
2140 2013 2329 2062 autem
2390 2005 2460 2062 ab
2515 2004 2790 2084 episcopis
2906 2060 2911 2065 .

480 2099 679 2158 electus
704 2120 819 2172 rex,
847 2100 962 2159 haec
991 2101 1109 2158 tria
1134 2109 1489 2159 servaturum
1514 2122 1571 2159 se
1598 2121 1708 2159 esse
1730 2100 2047 2178 promittat,
2077 2099 2286 2158 dicens.

568 2196 648 2260 In
702 2194 958 2261 Christi
1010 2195 1278 2261 nomine
1338 2196 1658 2282 promitto
1713 2196 1849 2260 hoec
1909 2195 2046 2259 tria
2098 2194 2345 2279 populo
2404 2195 2790 2261 Christiano

482 2299 646 2364 mihi
680 2299 970 2365 subdito,
1599 2363 1604 2367 .

566 2402 924 2486 Imprimis,
944 2423 1050 2465 me
1074 2406 1554 2488 praecepturum
1581 2407 1651 2466 et
1673 2422 1860 2487 opem
1887 2421 2008 2485 pro
2033 2400 2288 2467 viribus
2310 2401 2792 2486 impensurum,

479 2512 557 2572 ut
601 2504 913 2571 Ecclesia
958 2504 1086 2571 Dei
1118 2510 1188 2571 et
1232 2505 1450 2570 omnis
1493 2502 1782 2591 populus
1831 2504 2257 2570 Christianus
2300 2526 2529 2569 veram
2560 2528 2794 2592 pacem

480 2615 714 2676 nostro
744 2609 1026 2674 arbitrio
1057 2609 1127 2672 in
1159 2608 1339 2673 omni
1369 2613 1671 2693 tempore
1704 2612 1947 2672 servet.

565 2712 789 2790 Aliud,
813 2719 891 2777 ut
919 2713 1330 2798 rapacitates
1361 2718 1433 2777 et
1462 2732 1693 2776 omnes
1715 2711 2109 2795 iniquitates
2133 2711 2441 2776 omnibus
2471 2712 2795 2797 gradibus

477 2816 892 2882 interdicam.

570 2920 893 2995 Tertium,
918 2924 996 2983 ut
1026 2918 1095 2981 in
1128 2918 1436 2982 omnibus
1458 2917 1733 3002 judiciis
1765 2917 2144 3001 aequitatem
2171 2922 2239 2984 et
2267 2916 2800 2983 misericordiam

480 3022 899 3107 praecipiam余
947 3026 1025 3085 ut
1073 3022 1239 3085 mihi
1296 3026 1367 3085 et
1413 3022 1605 3086 vobis
1644 3020 1995 3105 indulgeat
2040 3042 2227 3086 suam
2270 3021 2799 3086 misericordiam

479 3127 777 3191 clemens
809 3133 879 3192 et
909 3126 1291 3192 misericors
1321 3126 1528 3203 Deus,
1558 3125 1673 3212 qui
1704 3125 1897 3191 vivit.

567 3232 664 3295 Et
692 3232 1153 3313 respondeant
1183 3251 1429 3308 omnes,
1462 3231 1699 3296 Amen.

561 3331 679 3392 His
717 3332 965 3411 eapletia
994 3353 1142 3392 unus
1180 3332 1566 3411 episcoporum
1605 3334 1934 3413 alloquatur
1963 3332 2266 3411 populum,
2292 3332 2348 3390 si
2386 3332 2498 3390 tali
2531 3332 2803 3411 principi

480 3447 550 3487 ac
587 3428 792 3487 rectori
815 3449 872 3486 se
908 3427 1196 3505 subjicere,
1226 3434 1279 3485 et
1304 3426 1661 3504 jussionibus
1700 3429 1819 3505 ejus
1857 3429 2232 3507 obtemperare
2269 3428 2464 3487 velint.
2553 3426 2717 3486 Tunc
2754 3448 2800 3486 a

479 3525 877 3583 circumstante
902 3524 1047 3582 clero
1074 3531 1125 3582 et
1141 3522 1358 3602 populo
1382 3522 1789 3601 respondeatur

565 3620 897 3685 Volumus
927 3623 998 3683 et
1028 3617 1472 3683 concedimus.

557 3722 765 3780 Postea
791 3740 917 3779 vero
942 3740 1072 3778 cam
1097 3741 1160 3779 eo
1185 3721 1371 3779 devote
1398 3719 1679 3779 inclinato
1705 3719 1980 3780 dicantur
2006 3741 2043 3778 a
2063 3721 2491 3801 metropolitano
2515 3730 2798 3800 sequentes

480 3817 777 3875 orationes.

568 3911 1005 3996 Omnipotens
1051 3910 1453 3995 sempiterne
1497 3910 1704 3988 Deus,
1751 3916 2020 3976 creator
2063 3913 2380 3989 omnium,
2424 3911 2799 3996 imperator

478 4014 893 4099 angelorum,
945 4033 1063 4077 rex
1116 4013 1567 4099 regnantium,
1624 4014 2063 4098 dominusque
2118 4014 2626 4091 dominantium,
2679 4015 2799 4098 qui

477 4116 817 4184 Abraham
880 4116 1143 4181 fidelem
1203 4116 1529 4181 famulum
1599 4123 1788 4183 tuum
1850 4117 1933 4183 de
1993 4119 2304 4183 hostibus
2371 4118 2796 4202 triumphare

476 4222 698 4287 fecisti
717 4245 735 4299 余
784 4219 1004 4305 Moysi
1027 4227 1098 4286 et
1115 4219 1160 4284 J
1163 4240 1362 4297 osune,
1382 4219 1631 4306 populo
1649 4221 1965 4307 praelatis,
1983 4220 2418 4308 multiplicem
2439 4221 2794 4287 victoriam

474 4325 812 4398 tribuisti余
876 4323 1329 4407 humilemque
1389 4322 1609 4388 David
1669 4345 1947 4409 puerum
2010 4331 2201 4388 tuum
2260 4324 2450 4409 regni
2511 4324 2794 4410 fastigio
