3117 5025
543 380 672 448 272
1346 391 1785 455 Consecratio
1815 391 2049 476 Reyis.

540 588 797 671 pariter
825 589 1156 676 eligimuS,
1187 594 1725 660 benedictionum
1755 601 2022 662 tuarum
2053 595 2228 661 dona
2257 592 2649 678 multiplica,
2681 590 2856 653 hunc

538 677 818 757 dextera
875 701 1007 760 tuae
1072 698 1389 781 potentiae
1458 718 1723 785 semper
1787 700 2032 785 ubique
2099 698 2458 775 circumda,
2520 699 2853 780 quatenus

538 796 835 879 praedicti
893 798 1180 865 Abrahae
1246 800 1572 867 fidelitate
1633 803 1961 879 firmatuS,
2022 802 2281 887 Moysis
2340 797 2853 865 mansuetudine

535 897 770 977 fretus,
792 900 835 964 J
842 921 1017 966 osuae
1047 901 1440 968 fortitudine
1470 905 1792 982 munitus,
1823 905 2044 971 David
2070 904 2457 970 humilitate
2490 901 2852 976 exaltatus,

539 1001 914 1068 Salomonis
961 1004 1294 1089 sapientia
1339 1007 1715 1085 decoratus,
1761 1009 1886 1074 tibi
1934 1009 2007 1072 in
2058 1009 2366 1073 omnibus
2418 1004 2848 1089 complaceat,

533 1110 603 1170 et
632 1127 751 1190 per
772 1109 1111 1172 tramitem
1134 1109 1416 1193 justitiae
1438 1112 1764 1178 inoffenso
1787 1133 2025 1199 gressu
2060 1133 2321 1196 semper
2341 1110 2627 1175 incedat.
2716 1108 2849 1173 Hic

536 1209 746 1274 totius
777 1211 969 1294 regni
1012 1211 1386 1296 Anglorum
1429 1214 1537 1279 vel
1585 1214 1923 1280 Saxonum
1957 1215 2305 1280 ecclesiam
2351 1214 2665 1297 deinceps
2696 1232 2846 1276 cum

530 1312 840 1398 plebibus
862 1314 989 1379 sibi
1019 1317 1300 1381 annexis
1330 1317 1430 1382 ita
1448 1319 1746 1384 enutriat
1775 1341 1854 1384 ac
1871 1321 2131 1396 doceat,
2152 1320 2413 1383 muniat
2442 1323 2512 1381 et
2529 1307 2846 1391 instruat,

534 1420 897 1502 contraque
928 1438 1159 1482 omnes
1198 1419 1504 1486 visibiles
1535 1426 1608 1486 et
1648 1421 2024 1487 invisibiles
2053 1423 2286 1488 hostes
2314 1421 2488 1484 idem
2536 1424 2850 1505 potenter

524 1521 973 1606 regaliterque
992 1527 1119 1586 tuae
1138 1522 1411 1589 virtutis
1431 1524 1755 1610 regimine
1776 1527 2221 1603 administret,
2232 1531 2310 1591 ut
2327 1523 2554 1610 regale
2576 1522 2842 1599 solium,

421 1670 429 1678 -
529 1624 838 1689 videlicet
856 1624 1224 1711 Anglorum
1255 1627 1364 1692 vel
1385 1627 1725 1692 Saxonum
1750 1635 2106 1714 sceptrum,
2132 1651 2265 1694 non
2296 1629 2584 1704 deserat,
2612 1627 2727 1691 sed
2756 1627 2844 1691 ad

534 1728 829 1812 pristinae
861 1728 1011 1792 fidei
1042 1729 1355 1813 pacisque
1386 1731 1802 1795 concordiam
1828 1752 2058 1795 eorum
2089 1733 2348 1796 animos
2378 1737 2445 1795 te
2479 1729 2854 1814 opitulante

531 1832 871 1908 reformet,
917 1836 997 1897 ut
1045 1833 1444 1916 populorum
1497 1834 1725 1899 debita
1779 1834 2191 1918 subjectione
2241 1833 2478 1910 fultus,
2523 1833 2851 1918 condigno

530 1955 753 1999 amore
798 1934 1232 2019 glorificatus,
1263 1957 1385 2020 per
1428 1936 1701 2022 longum
1733 1937 1887 2001 vitae
1934 1938 2224 2023 spatium
2268 1943 2561 2023 paternae
2592 1958 2848 2020 aplcem

530 2037 759 2122 gloriae
833 2043 955 2102 tua
1026 2038 1455 2103 miseratione
1522 2029 1826 2105 stabilire
1895 2047 1965 2104 et
2035 2041 2412 2126 gubernare
2483 2044 2845 2103 mereatur.

531 2146 685 2208 Tuae
718 2163 977 2228 quoque
1010 2144 1446 2226 protectionis
1474 2143 1675 2229 galea
1718 2145 2041 2222 munitus,
2072 2150 2142 2210 et
2173 2151 2362 2210 scuto
2405 2143 2847 2229 insuperabili

526 2246 786 2332 jugiter
828 2251 1194 2331 protectus,
1224 2247 1564 2331 armisque
1604 2246 1989 2312 coelestibus
2034 2247 2502 2324 circumdatus,
2535 2246 2854 2332 optabilis

533 2351 825 2416 victoriae
867 2350 1277 2436 triumphum
1309 2352 1390 2415 de
1420 2351 1734 2416 hostibus
1778 2351 2073 2417 feliciter
2111 2352 2356 2435 capiat,
2386 2359 2848 2436 terroremque

533 2476 666 2520 suae
712 2453 1024 2540 potentiae
1077 2452 1461 2518 infidelibus
1511 2454 1781 2532 inferat,
1829 2460 1899 2519 et
1948 2475 2179 2540 pacem
2232 2455 2357 2520 tibi
2402 2453 2849 2520 militantibus

528 2561 834 2624 laetanter
863 2562 1187 2641 reportet.
1273 2557 1687 2635 Virtutibus,
1720 2558 2013 2635 Christe,
2036 2558 2234 2635 hunc,
2260 2559 2502 2642 quibus
2532 2559 2849 2643 praefatos

530 2663 763 2727 fideles
780 2667 936 2727 tuos
953 2660 1309 2737 decorasti,
1328 2659 1685 2746 multiplici
1703 2660 1974 2725 honoris
1992 2662 2447 2725 benedictione
2467 2661 2851 2737 condecora,

533 2773 604 2831 et
633 2767 701 2828 in
732 2763 1054 2849 regimine
1084 2763 1278 2849 regni
1309 2762 1685 2829 sublimiter
1713 2763 1986 2840 colloca,
2011 2770 2081 2828 et
2110 2763 2259 2830 oleo
2287 2765 2524 2850 gratiae
2560 2764 2853 2849 Spiritus

533 2868 760 2933 Sancti
791 2887 1109 2951 perunge.
1197 2866 1347 2930 Per.
1438 2867 1520 2931 ln
1551 2868 1811 2932 unitate
1842 2868 2160 2951 ejusdem.

607 2970 728 3028 Hic
755 2976 1049 3045 unquatur
1074 2971 1207 3041 elec,
1237 2978 1288 3027 et
1313 2970 1427 3029 haec
1454 2978 1713 3029 cantetur
1738 2971 2103 3048 Antiphona.

616 3068 973 3131 Unxerunt
1008 3063 1435 3129 Salomonem
1471 3065 1730 3131 Sadoch
1763 3065 2080 3130 sacerdos
2111 3071 2180 3131 et
2210 3065 2488 3130 Nathan
2519 3065 2855 3150 propheta

524 3191 748 3255 regem
795 3169 865 3232 in
912 3167 1102 3244 Gion,
1148 3173 1217 3233 et
1262 3168 1660 3234 accedentes
1705 3168 1843 3234 laeti
1890 3169 2246 3234 dixerunt:
2333 3169 2547 3234 Vivat
2596 3190 2719 3233 rex
2771 3168 2844 3233 in

532 3279 872 3339 aeternum.

613 3378 768 3436 Alia
802 3377 1025 3436 Oratio.

616 3473 905 3549 Christe,
956 3493 1257 3558 perunge
1317 3474 1495 3537 hunc
1552 3493 1787 3558 regem
1845 3473 1914 3537 in
1974 3473 2297 3557 regimen,
2351 3472 2526 3536 unde
2587 3471 2843 3537 unxisti

526 3578 932 3652 sacerdotes,
978 3596 1196 3661 reges,
1243 3581 1314 3641 et
1355 3576 1744 3660 prophetas,
1790 3596 1869 3639 ac
1914 3581 2267 3659 martyres,
2309 3575 2423 3658 qui
2468 3596 2589 3659 per
2639 3574 2840 3638 fidem

530 3683 837 3746 vicerunt
872 3700 1105 3763 regna,
1153 3684 1223 3743 et
1268 3679 1526 3763 operati
1572 3682 1736 3743 sunt
1771 3678 2137 3761 justitiam,
2169 3683 2372 3761 atque
2416 3676 2646 3762 adepti
2688 3683 2852 3742 sunt

530 3781 1101 3867 repromissiones.
1192 3780 1341 3844 Tua
1392 3781 1849 3845 sacratissima
1899 3781 2129 3845 unctio
2183 3801 2382 3864 super
2443 3783 2648 3865 caput
2697 3778 2846 3863 ejus

532 3888 801 3963 defluat,
834 3892 1038 3970 atque
1082 3886 1168 3950 ad
1212 3885 1540 3950 interiora
1582 3886 1963 3964 descendat,
2002 3892 2076 3951 et
2120 3887 2339 3952 cordis
2381 3886 2568 3951 illius
2611 3886 2856 3951 intima

530 3995 860 4076 penetret,
902 3995 973 4052 et
1016 3988 1579 4072 promissionibus
1623 4009 1791 4072 quas
1837 3989 2065 4074 adepti
2112 3995 2271 4055 sunt
2314 3989 2854 4054 victoriosissimi

526 4113 722 4177 reges
766 4091 987 4178 gratia
1037 4098 1160 4155 tua
1211 4091 1454 4177 dignus
1504 4093 1851 4170 efficiatur,
1899 4099 2233 4177 quatenus
2285 4098 2357 4159 et
2404 4093 2474 4157 in
2528 4094 2847 4178 praesenti

529 4195 769 4260 saeculo
819 4194 1110 4259 feliciter
1159 4200 1418 4280 regnet,
1465 4200 1536 4260 et
1587 4195 1673 4260 ad
1725 4217 1954 4262 eorum
2007 4197 2436 4262 consortium·
2470 4196 2540 4260 in
2594 4196 2851 4262 coelesti

527 4320 736 4384 regno
767 4298 1134 4382 perveniat.
1226 4298 1371 4360 Per.

3062 4382 3074 4485 l
