3117 5025
933 415 1036 478 De
1071 417 1448 481 Ordinibus
1485 415 1957 500 Confer-endis.
2485 413 2614 481 317

460 808 950 891 [ooLLEo'rA
998 814 1122 881 AD
1169 812 1979 880 oonsUMMANDUM
2026 772 2612 880 DmcoNATUs

1205 918 1703 1005 officum]

285 1168 327 1195 ‚,
421 1121 786 1189 Commune
807 1129 1040 1189 votum
1059 1131 1477 1210 permaneat,
1498 1125 1876 1190 communis
1895 1126 2116 1191 oratio
2135 1128 2615 1210 prosequatur,

289 1231 443 1300 „ut
470 1226 580 1290 hic
610 1226 824 1292 totius
856 1227 1177 1292 Ecclesiae
1209 1249 1407 1313 prece
1438 1230 1554 1314 qui
1598 1230 1670 1294 in
1711 1229 2117 1294 diaconatus
2161 1227 2622 1292 ministerium

289 1378 330 1405 „
359 1336 796 1415 praeparatur,
822 1331 1139 1397 Leviticae
1170 1333 1742 1416 beneffldictionis
1776 1332 2069 1418 spiritali
2100 1331 2617 1397 conversatione

298 1481 340 1508 ‚,
365 1432 771 1520 praefulgens
800 1455 923 1521 per
951 1436 1251 1522 gratiam
1286 1436 1849 1502 sanctificationis
1880 1436 2166 1502 eluceat.
2257 1435 2409 1500 Per.

1011 1540 1444 1621 [Benedictio
1475 1542 1960 1627 Subdiaconi]

315 1692 331 1716 ‚
455 1641 735 1707 Domine
769 1649 1023 1720 sancte,
1050 1645 1215 1729 spei,
1246 1644 1422 1721 fidei,
1453 1645 1711 1730 gratiae,
1747 1643 2170 1728 profectuum
2201 1648 2611 1719 munerator,

291 1793 332 1821 „
363 1746 478 1829 qui
510 1746 895 1811 coelestibus
918 1752 987 1812 et
1019 1747 1312 1812 terrenis
1342 1746 1739 1811 ministeriis
1771 1747 2166 1832 angelorum
2201 1747 2450 1831 ubique
2482 1745 2619 1810 dis-

297 1897 337 1924 „
372 1848 628 1931 positis,
649 1871 771 1933 per
788 1850 1012 1914 omnia
1029 1849 1363 1915 elementa
1380 1849 1757 1914 voluntatis
1776 1855 1909 1914 tuae
1927 1849 2252 1914 diffundis
2272 1850 2586 1913 affectum
2604 1870 2620 1923 ;

293 2000 333 2027 „
364 1952 540 2016 hunc
559 1973 824 2036 quoque
843 1951 1172 2017 famulum
1190 1957 1380 2016 tuum
1403 1953 1508 2017 ill.
1534 1952 1814 2037 speciali
1835 1954 2085 2017 affectu
2103 1951 2282 2016 tueri
2301 1951 2619 2037 digneris,

290 2104 330 2129 „
366 2061 444 2120 ut
472 2056 609 2119 tuis
641 2056 987 2140 obsequiis
1011 2055 1391 2141 expeditus,
1418 2056 1676 2120 sanctis
1699 2054 2036 2120 altaribus
2067 2054 2379 2118 minister
2407 2074 2616 2139 purus

293 2209 330 2236 „
366 2159 698 2225 clarescat
717 2183 734 2236 ;
767 2167 837 2225 et
857 2158 1281 2246 indulgentia
1302 2160 1552 2244 prioris
1571 2160 1830 2245 gradus
1855 2180 2107 2233 eorum,
2129 2178 2300 2243 quos
2319 2157 2613 2243 apostoli

293 2312 334 2339 ‚‚
365 2263 469 2328 tui
512 2263 583 2326 in
615 2264 1004 2347 septenario
1049 2284 1346 2338 numero,
1380 2264 1582 2328 beato
1629 2263 1971 2348 Stephano
2018 2260 2326 2336 ducente,
2364 2258 2618 2344 Spiritu

303 2414 341 2441 ‚,
375 2365 620 2431 Sancto
650 2371 950 2441 auctore,
981 2364 1331 2450 elegerunt
1376 2365 1624 2450 dignus
1657 2366 1929 2443 existat,
1963 2371 2034 2429 et
2071 2364 2436 2428 virtutibus
2475 2362 2621 2426 uui-

301 2520 339 2546 „
374 2469 588 2534 versis
640 2469 884 2554 quibus
930 2473 999 2533 te
1047 2468 1301 2533 servire
1354 2474 1640 2554 oportet,
1691 2469 2072 2534 instructus
2130 2465 2400 2552 polleat.
2492 2466 2623 2532 Pei·

312 2623 348 2649 „
383 2572 759 2637 Dominum.

314 2795 353 2822 ,‚
984 2745 1458 2827 [Bnunmcmio
1507 2762 1608 2809 AD
1657 2748 1955 2831 sroms]

299 2968 343 2994 4,
436 2919 642 2997 Deus,
664 2920 924 2985 invictae
948 2920 1221 2985 virtutis
1239 2919 1695 3004 triumphator
1712 2925 1784 2984 et
1803 2918 2095 2983 omnium
2115 2937 2339 2981 rerum
2360 2922 2625 2981 creator

314 3071 352 3098 „
385 3043 463 3086 ac
514 3023 986 3100 sanctificator,
1039 3022 1311 3088 intende
1360 3022 1697 3107 propitius
1751 3042 1987 3107 preces
2035 3026 2328 3095 nostras,
2381 3026 2453 3085 et
2499 3021 2625 3085 has

316 3176 358 3202 „
394 3125 608 3191 stolas
637 3127 779 3190 sive
811 3125 1125 3210 planetas
1156 3124 1443 3190 leviticae
1473 3146 1551 3189 ac
1578 3123 2022 3190 sacerdotalis
2044 3124 2273 3209 gloriae
2304 3124 2631 3187 ministris

309 3280 349 3304 „
382 3229 521 3292 tuis
580 3228 901 3294 fruendas
975 3234 1093 3293 tuo
1162 3228 1432 3314 proprio
1493 3248 1611 3292 ore
1678 3227 2174 3309 beneffldicere,
2235 3247 2313 3289 ac
2378 3227 2623 3291 sancti·

309 3382 346 3406 „
381 3332 602 3407 ficare,
629 3353 1155 3416 consecrareque
1180 3332 1499 3418 digneris,
1520 3351 1884 3415 omnesque
1917 3331 2019 3392 eis
2044 3334 2335 3405 utentes,
2355 3329 2624 3413 tuisque

314 3485 351 3512 ,‚
387 3436 752 3519 mysteriis.
788 3457 829 3499 a
889 3436 1083 3500 nobis
1150 3436 1447 3521 indignis
1508 3434 1922 3500 consecratis
1981 3432 2089 3497 vel
2155 3431 2625 3496 consecrandis

315 3588 354 3616 ,,
389 3546 607 3623 aptos,
641 3545 711 3604 et
742 3539 868 3606 tibi
900 3539 969 3603 in
1016 3539 1116 3603 eis
1145 3539 1390 3604 devote
1421 3545 1491 3604 et
1535 3537 1921 3605 amabiliter
1967 3536 2363 3611 servientes,
2392 3543 2628 3620 gratos

319 3689 357 3718 ‚‚
391 3645 653 3708 efficere
684 3642 809 3707 tibi
842 3643 1193 3719 concedas,
1224 3649 1295 3708 et
1323 3664 1500 3707 nunc
1530 3648 1602 3707 et
1631 3663 1752 3727 per
1782 3640 2051 3704 infinita
2080 3637 2325 3703 saecula
2357 3637 2626 3703 saeculo-

325 3796 363 3823 „
398 3767 566 3810 rum.

312 3898 353 3924 ,‚
433 3849 553 3940 ‘ln
595 3849 861 3913 nomine
904 3855 1148 3915 sanctae
1191 3849 1548 3915 Trinitatis
1586 3855 1658 3914 et
1699 3849 1908 3914 unicae
1950 3847 2367 3924 Divinitatis,
2400 3848 2625 3933 accipe

312 4002 352 4027 ‚.
389 3951 635 4016 stolam
658 3973 855 4036 quam
878 3952 1000 4017 tibi
1021 3952 1348 4018 Dominus
1370 3974 1491 4037 per
1507 3953 1917 4018 humilitatis
1938 3959 2183 4016 nostrae
2211 3950 2627 4027 famulatum,

313 4103 350 4131 ,‚
391 4075 510 4118 seu
542 4060 611 4118 et
642 4074 763 4138 per
786 4075 1023 4118 manus
1056 4061 1328 4120 nostras
1351 4055 1800 4139 accipiendam
1834 4054 2257 4140 praeparavit,
2283 4075 2403 4137 per
2432 4075 2629 4137 quam

311 4209 349 4234 ‚,
387 4158 561 4221 scias
594 4157 927 4222 sarcinam
960 4157 1229 4223 Domini
1260 4159 1386 4224 Dei
1419 4160 1519 4224 tui
1550 4159 1926 4223 cervicibus
1957 4159 2095 4222 tuis
2127 4157 2529 4241 impositam,
2562 4153 2630 4222 et

316 4313 354 4337 „
391 4261 474 4327 ad
506 4259 954 4325 humilitatem
988 4270 1189 4347 atque
1220 4264 1782 4328 ministrationem
1832 4272 1900 4327 te
1934 4282 2084 4327 esse
2130 4282 2526 4337 connexum,
2559 4270 2631 4325 et

316 4416 356 4440 ,‚
391 4386 510 4448 per
559 4384 760 4446 quam
814 4371 883 4428 te
939 4374 1349 4451 cognoscant
1401 4367 1653 4438 fratres
1708 4366 1808 4429 tui
1864 4364 2248 4427 ministrum
2302 4363 2429 4427 Dei
2482 4384 2628 4426 esse
