3117 5025
490 395 621 462 254
980 397 1421 465 emmam
1458 395 1776 465 oleorum
1805 406 1874 464 et
1907 351 2342 464 ctu-amatis.

479 600 878 668 transituris
901 601 1175 668 salubre
1194 605 1264 668 et
1285 601 1680 688 proficuum.
1768 601 1850 667 In
1871 606 2066 667 sexto
2086 601 2427 679 videlicet,
2446 602 2815 669 victoriosa

485 709 559 770 et
615 704 963 770 adoranda
1017 705 1345 791 procedat
1401 725 1570 769 crux
1614 703 1972 783 dominica,
2022 726 2162 770 una
2212 712 2336 771 aut
2390 706 2557 784 duae,
2612 707 2811 791 quasi

483 806 1004 892 praecedentium
1048 808 1338 893 mystica
1386 807 1866 892 mysteriorum
1919 808 2438 894 praefiguratrix,
2483 830 2686 894 quam
2740 811 2811 874 in

475 915 674 976 sexta
718 914 940 988 aetate,
971 910 1160 976 Deus
1199 910 1331 975 Dei
1360 909 1579 976 Filius
1624 915 1832 975 natus
1875 917 1946 976 et
1990 911 2062 977 in
2094 933 2177 977 ea
2219 932 2468 998 passus
2514 916 2587 977 et
2632 914 2809 978 sacri

481 1013 835 1100 sanguinis
893 1013 1165 1080 lavacro
1228 1013 1700 1092 sanctificavit,
1761 1017 1958 1099 cujus
2015 1015 2304 1081 victoria
2360 1016 2812 1102 redemptoris

480 1118 700 1181 nostri
767 1116 1022 1182 vexilla
1092 1118 1450 1203 prodeunt,
1518 1117 1716 1200 cujus
1784 1116 2147 1202 splendore
2220 1118 2510 1183 ecclesia
2574 1124 2811 1185 sancta

479 1221 932 1300 illuminatur,
992 1221 1189 1305 cujus
1248 1242 1486 1287 aroma
1543 1221 1819 1286 corticis
1884 1221 2123 1287 vitalis
2182 1224 2473 1308 spirans,
2531 1228 2809 1288 nectare

481 1325 732 1410 ubique
789 1324 1077 1410 fragrat,
1140 1323 1246 1407 cuj
1258 1344 1337 1389 us
1403 1323 1661 1389 virtute
1720 1324 1910 1409 pacis
1968 1331 2042 1390 et
2105 1326 2337 1411 gaudii
2398 1326 2813 1394 charismata

483 1427 1055 1515 evangelizantur,
1086 1428 1282 1513 cujus
1327 1427 1677 1514 signaculo
1721 1428 2044 1513 baptismi
2089 1430 2484 1514 mysterium
2532 1436 2605 1495 et
2634 1431 2811 1496 sacri

478 1532 867 1600 chrismatis
897 1532 1248 1597 conficitur
1288 1535 1744 1618 unguentum3
1791 1553 1913 1618 per
1943 1553 2144 1617 quam
2192 1534 2398 1600 etiam
2428 1534 2807 1601 ineffabilia

478 1635 889 1701 universalis
919 1634 1219 1700 ecclesiae
1252 1639 1681 1700 sacramenta
1709 1642 2210 1700 consecrantur.

567 1739 976 1803 Percantato
1021 1758 1285 1823 quoque
1335 1739 1423 1802 Te
1453 1740 1677 1822 ἐρίων
1718 1737 2077 1802 secundum
2117 1738 2439 1814 ordinem,
2472 1743 2544 1804 et
2572 1742 2806 1816 veniae,

478 1862 887 1926 quoewmm,
914 1841 1214 1926 laryitor
1243 1843 1557 1918 admitte,
1582 1845 1945 1924 antequam
1977 1841 2244 1906 dicatur
2272 1842 2411 1905 Per
2439 1862 2635 1925 quem
2667 1842 2809 1907 hoec

480 1947 735 2022 omnia,
797 1945 1109 2022 Domine,
1176 1965 1445 2027 semper
1509 1947 1691 2008 bona
1760 1966 1976 2021 creas,
2042 1945 2595 2030 appropinquans
2661 1966 2812 2008 cum

478 2048 869 2114 reverentia
933 2048 1257 2112 diaconus
1322 2047 1694 2133 ampullam
1758 2068 1908 2112 cum
1969 2046 2121 2111 oleo
2181 2048 2596 2111 infirmorum
2658 2048 2816 2112 sub-

479 2151 826 2217 ministret
881 2150 1219 2236 episcopo,
1282 2172 1485 2236 super
1550 2171 1754 2234 quam
1814 2155 1923 2215 ter
1989 2151 2206 2216 crucis
2276 2150 2543 2235 signum
2602 2151 2815 2217 faciat

481 2254 858 2340 episcopua,
890 2276 969 2320 ac
999 2259 1109 2320 ter
1155 2255 1375 2320 sufflet
1418 2255 1488 2319 in
1520 2275 1622 2331 ea,
1653 2255 2097 2341 perficiatque
2145 2256 2592 2320 exorcismum
2623 2256 2814 2321 audi·

482 2358 751 2423 entibus
774 2362 1041 2423 tantum
1071 2358 1185 2443 qui
1212 2379 1406 2423 secus
1430 2357 1653 2423 altare
1679 2362 1866 2423 stant
1886 2359 2241 2436 ministris,
2265 2359 2539 2423 minime
2564 2359 2814 2437 dicens,

478 2462 815 2528 Dominus
845 2464 1191 2528 vobiscum
1222 2482 1441 2548 neque
1479 2462 1781 2540 oremus,
1814 2462 1930 2528 sed
1963 2462 2065 2529 ita
2093 2462 2369 2541 directe,

569 2568 912 2633 Emoreiao
944 2577 1006 2632 te
1036 2568 1572 2631 immundissime
1600 2568 1712 2632 διο.

565 2669 958 2735 Benedictio
1002 2669 1134 2735 olei
1178 2669 1598 2734 infirmorum
1643 2670 1899 2753 absque
1951 2671 2287 2736 Dominus
2336 2671 2683 2736 vobiscum
2737 2678 2806 2738 et

488 2775 790 2842 oremus.

575 2877 1014 2957 Omnipotens
1042 2875 1253 2953 Deus,
1285 2877 1406 2959 qui
1425 2897 1567 2958 pro
1598 2877 2024 2959 infirmorum
2053 2876 2174 2941 &c.

564 2978 725 3044 Alia
751 2976 1131 3043 benedictio
1161 2987 1242 3043 ut
1270 2998 1497 3063 supra,
1531 2980 1816 3055 Emitte,
1846 2999 2252 3062 quaesumus,
2282 2979 2404 3044 &c.

566 3080 700 3145 Hic
758 3084 1187 3144 removeatur
1245 3081 1332 3145 ab
1394 3081 1599 3147 altari
1653 3081 1947 3145 dicatum
2012 3080 2231 3145 oleum
2287 3081 2702 3146 infirmorum
2764 3106 2808 3149 a

477 3183 780 3260 diacono,
811 3186 885 3247 et
928 3187 1300 3269 peragatur
1342 3183 1555 3249 missa
1585 3204 1800 3267 usque
1831 3203 1961 3267 quo
2005 3183 2447 3268 perveniatur
2475 3184 2558 3248 ad
2606 3185 2808 3249 bene-

477 3286 837 3352 dictionem
872 3307 1078 3372 super
1118 3287 1468 3372 populum.
1558 3289 1748 3352 Tunc
1794 3285 2126 3351 secundus
2157 3287 2435 3352 accedat
2463 3288 2809 3368 diaconus,

481 3389 849 3475 ampullam
880 3411 1031 3454 cum
1063 3390 1211 3455 oleo
1244 3390 1328 3455 ad
1359 3390 1836 3475 baptizandum
1869 3388 2204 3465 deferens,
2238 3409 2442 3475 super
2471 3411 2671 3474 quam
2702 3397 2815 3456 ter

477 3493 699 3559 crucis
746 3494 1016 3578 signum
1060 3494 1273 3559 faciat
1316 3492 1693 3579 episcopus,
1742 3498 1981 3576 terque
2028 3492 2098 3555 in
2145 3513 2226 3557 ea
2271 3493 2569 3570 sufflans,
2613 3515 2809 3558 exor-

477 3597 761 3661 cismum
794 3596 924 3661 olei
951 3596 1035 3661 ad
1066 3596 1541 3683 baptizandum
1572 3596 1897 3682 perficiat,
1925 3595 2039 3680 qui
2071 3594 2514 3661 circumstant
2535 3603 2804 3662 tantum

478 3699 930 3765 audientibuS.

564 3805 910 3867 Emorcizo
942 3812 1004 3868 te
1036 3813 1363 3869 creatura
1390 3803 1526 3868 olei
1554 3805 1668 3869 διο.

564 3903 820 3969 Deinde
852 3905 1206 3990 episcopus
1233 3906 1593 3971 benedicat
1621 3905 1866 3982 oleum,
1899 3909 1969 3970 et
1996 3903 2198 3981 dicat,

565 4007 901 4072 Dominus
927 4009 1293 4086 vobiscum,
1331 4011 1628 4076 Oremus.

562 4110 852 4174 Domine
879 4109 1088 4186 Deus,
1118 4111 1337 4176 Pater
1363 4113 1807 4194 omnipotens,
1841 4110 2036 4196 cujus
2067 4111 2462 4194 uniyenitus
2492 4111 2604 4173 διο.

493 4220 504 4243 ’·
564 4212 821 4278 Oratio.
908 4212 1115 4291 Deus,
1149 4215 1272 4296 qui
1300 4216 1377 4279 in
1405 4216 1665 4280 virtute
1695 4215 1818 4280 διο.

563 4316 731 4380 Post
757 4316 918 4391 haec,
941 4319 1325 4382 revertente
1357 4315 1669 4404 episcopo
1699 4316 1781 4382 ad
1817 4316 2044 4381 sedem
2078 4337 2292 4393 suam,
2316 4315 2445 4380 duo
2478 4318 2792 4381 cantores

477 4417 837 4481 decantent
863 4416 1205 4502 hymnum.
