3117 5025
970 424 1072 488 De
1109 425 1482 492 Ordinibus
1519 431 1983 515 Conferendis.
2506 433 2634 495 315

500 836 832 905 ORATIO
877 839 1001 905 AD
1047 840 1677 907 ORDINANDUM
1726 842 2421 910 PRESBYTERUM.

391 1026 691 1107 oremus,
713 1032 1158 1108 dilectissimi,
1180 1030 1398 1096 Deum
1431 1032 1700 1097 Patrem
1735 1033 2287 1118 omnipotentem,
2312 1038 2388 1098 ut
2417 1055 2619 1118 super

302 1131 485 1198 hunc
550 1133 873 1201 famulum
944 1159 1158 1214 suum,
1220 1157 1416 1220 quem
1480 1136 1566 1201 ad
1626 1138 2030 1222 presbyterii
2093 1157 2338 1202 munus
2405 1137 2619 1223 eligit,

302 1236 603 1303 coelestia
653 1239 828 1305 dona
875 1240 1295 1326 multiplicet,
1346 1244 1415 1304 et
1465 1261 1609 1324 quae
1663 1239 1813 1322 ejus
1866 1240 2256 1326 dignatione
2315 1241 2617 1326 suscipit,

301 1340 456 1424 ejus
486 1351 897 1428 exsequatur
926 1343 1202 1410 auxilio.
1293 1343 1443 1407 Per.

1277 1446 1425 1504 Alia
1452 1445 1658 1504 oratic.

389 1555 648 1620 Exaudi
678 1577 819 1634 nos,
852 1557 1036 1622 Deus
1069 1558 1387 1623 salutaris
1432 1561 1682 1632 noster,
1714 1566 1785 1621 et
1830 1577 2030 1640 super
2075 1557 2252 1621 hunc
2298 1555 2619 1621 famulum

295 1662 487 1723 tuum
539 1660 1063 1725 benedictionem
1119 1660 1344 1725 Sancti
1402 1659 1695 1745 Spiritus
1762 1666 1835 1724 et
1887 1660 2124 1741 gratiae
2185 1659 2622 1725 sacerdotalis

297 1762 564 1826 effunde
611 1764 947 1840 virtutem,
991 1770 1067 1828 ut
1109 1785 1304 1849 quem
1349 1769 1479 1827 tuae
1525 1762 1809 1846 pietatis
1847 1763 2234 1847 aspectibus
2281 1764 2623 1827 offerimus

293 1867 834 1943 consecrandum,
887 1871 1212 1951 perpetua
1264 1866 1561 1930 muneris
1616 1866 1712 1929 tui
1778 1864 2105 1950 largitate
2168 1866 2619 1950 persequaris.

245 2034 246 2037 ,
312 1970 459 2035 Per.

393 2056 766 2117 Consecratio.

381 2152 664 2218 Domine
711 2158 961 2230 sancte,
1010 2154 1212 2218 Pater
1255 2154 1702 2238 omnipoten8‚
1748 2158 2000 2216 aeterne
2046 2151 2254 2229 Deus,
2289 2153 2616 2216 honorum

295 2259 588 2323 omnium
619 2265 855 2324 auctor
900 2265 972 2324 et
1014 2259 1410 2323 distributor
1455 2259 1748 2322 omnium
1804 2258 2237 2343 dignitatum,
2268 2279 2390 2344 per
2419 2279 2618 2343 quem

297 2363 650 2447 proficiunt
695 2363 1032 2437 universa,
1081 2383 1201 2445 per
1242 2383 1437 2445 quem
1486 2367 1734 2427 cuncta
1777 2360 2158 2438 firmantur,
2190 2360 2620 2445 amplificatis

299 2487 562 2551 semper
583 2465 651 2530 in
683 2464 921 2529 melius
946 2470 1198 2530 naturae
1229 2463 1656 2529 rationabilis
1689 2464 2147 2540 incrementis,
2174 2484 2295 2548 per
2324 2464 2624 2528 ordinem

294 2592 588 2655 congrua
605 2570 866 2634 ratione
886 2569 1321 2654 dispositum:
1370 2567 1543 2632 unde
1573 2572 1642 2632 et
1660 2566 2117 2633 sacerdotales
2136 2568 2390 2653 gradus
2412 2574 2614 2652 atque
2705 2615 2710 2620 -

294 2673 510 2738 officia
539 2673 922 2737 Levitarum
969 2671 1410 2737 sacramentis
1441 2671 1746 2755 mysticis
1779 2670 2098 2735 instituta
2131 2676 2505 2747 creverunt,
2538 2678 2613 2735 ut

295 2799 444 2849 cum
467 2775 816 2861 pontifices
849 2795 1143 2839 summos
1166 2773 1478 2859 regendis
1510 2772 1778 2858 populis
1806 2774 2246 2858 praefecisses,
2273 2773 2356 2838 ad
2391 2795 2616 2837 eorum

297 2878 640 2944 societatis
689 2885 760 2942 et
807 2877 1031 2962 operis
1080 2877 1560 2960 adjumentum,
1614 2877 1965 2960 sequentis
2016 2876 2270 2941 ordinis
2319 2877 2503 2942 viros
2549 2886 2620 2942 et

217 2968 226 2976 ”
294 2981 596 3047 secundae
621 2980 971 3065 dignitatis
995 2979 1302 3066 eligeres.
1397 2979 1505 3044 Sic
1528 2980 1601 3043 in
1633 3001 1856 3043 eremo
1888 3001 2010 3065 per
2043 2985 2240 3065 septu
2278 2980 2312 3016 '¹‘

2226 3082 2489 3169 [aginta
2521 3083 2617 3145 vi-

296 3240 337 3268 „
360 3210 583 3253 rorum
601 3188 1028 3273 prudentium
1050 3192 1337 3250 mentem
1360 3187 1581 3272 Moysi
1604 3187 1913 3272 spiritum
1936 3188 2349 3272 propagasti,
2371 3189 2614 3271 quibus

298 3292 478 3371 „ille
499 3291 919 3375 adjutoribus
943 3311 1107 3354 usus
1137 3290 1208 3353 in
1233 3289 1477 3375 populo
1507 3290 1897 3354 innumeras
1920 3289 2387 3355 multitudines
2416 3289 2614 3354 facile

293 3447 336 3486 „
357 3395 776 3483 gubernavit.
871 3393 977 3457 Sic
1000 3393 1067 3456 in
1093 3392 1419 3457 Eleazaro
1453 3398 1522 3458 et
1546 3393 1848 3458 Ithamar
1877 3391 2038 3455 filiis
2058 3393 2283 3455 Aaron
2318 3396 2615 3475 paternae

299 3552 337 3579 „
359 3499 792 3586 plenitudinis
816 3496 1295 3562 abundantiam
1316 3496 1763 3573 transfudisti,
1789 3500 1864 3559 ut
1889 3493 1975 3558 ad
1997 3494 2257 3558 hostias
2282 3492 2616 3558 salutares

296 3654 335 3682 ‚‚
358 3610 428 3669 et
484 3600 963 3686 frequentioris
1023 3598 1217 3663 officii
1281 3602 1705 3663 sacramenta
1764 3596 2209 3660 ministerium
2279 3596 2614 3660 sufficeret

295 3705 800 3785 „sacerdotum
893 3702 1041 3766 Hac
1095 3700 1537 3785 providentia,
1582 3699 1889 3776 Domine,
1935 3697 2260 3783 apostolis
2302 3697 2462 3762 Filii
2514 3700 2613 3762 tui

303 3859 342 3890 „
365 3809 673 3876 doctores
724 3806 877 3869 fidei
932 3806 1208 3869 comites
1261 3803 1598 3880 addidisti,
1652 3804 1893 3889 quibus
1952 3802 2057 3866 illi
2109 3802 2335 3866 orbem
2396 3805 2614 3866 totum

303 3998 341 4030 ⁴*
380 3996 527 4051 Here
561 3994 697 4049 ends
734 3994 825 4047 fol.
866 3993 972 4048 273
1010 3993 1071 4046 of
1100 3991 1195 4046 the
1231 3990 1346 4045 MS.
1386 3990 1477 4045 fol.
1505 3989 1614 4046 274
1639 3990 1687 4044 is
1722 4008 1794 4045 an
1834 3989 2073 4043 inserted
2108 3987 2260 4050 folio,
2288 3992 2388 4042 not
2423 3987 2481 4040 in
2521 3988 2618 4043 the

305 4083 682 4153 handwriting
717 4082 779 4135 of
809 4081 904 4135 the
940 4079 1176 4150 original
1214 4079 1403 4133 scribe.
1477 4077 1596 4131 Nor
1629 4095 1722 4132 are
1757 4077 1915 4131 folios
1950 4074 2199 4134 275-278
2235 4080 2400 4136 rect0,
2426 4075 2485 4128 in
2524 4077 2620 4131 the

301 4172 393 4226 old
419 4170 583 4230 hand.
656 4170 827 4224 'l'hese
851 4184 1015 4240 pagos
1050 4166 1274 4221 contain
1301 4164 1581 4221 additions
1612 4166 1683 4236 by
1712 4170 1821 4219 two
1857 4180 1920 4218 or
1958 4163 2112 4217 three
2138 4162 2327 4232 hands,
2354 4161 2610 4216 different

299 4257 436 4314 from
462 4276 572 4329 any
590 4257 748 4311 other
770 4257 831 4309 in
859 4257 953 4310 the
977 4256 1135 4316 book,
1163 4272 1222 4308 as
1249 4252 1375 4307 well
1401 4270 1463 4328 as
1499 4253 1635 4305 from
1663 4251 1792 4306 each
1819 4251 1993 4304 other.
2069 4249 2219 4321 They
2238 4249 2497 4306 resemble
2523 4251 2617 4305 the

298 4346 624 4417 Langobard
652 4344 893 4414 writing.

472 4437 602 4499 39*
