3117 5025
1056 421 1499 485 Consecratio
1544 420 1922 505 Virqinum.
2512 411 2639 476 207

879 879 1530 962 [CONSECRATIO
1581 878 2100 965 VIRGINUM.]

331 1149 345 1165 .
383 1149 398 1164 .
436 1148 451 1164 .
483 1121 631 1164 ram
693 1100 961 1166 Christo
1021 1102 1311 1168 Domino
1372 1108 1606 1167 nostro
1666 1102 2009 1188 percipere
2071 1105 2433 1166 mereatur.
2525 1098 2657 1163 Per

329 1203 637 1268 eundem.
685 1201 787 1284 [ut
817 1225 1034 1286 supra
1054 1228 1132 1287 p.
1168 1205 1344 1290 154.]

415 1306 625 1383 Deus,
657 1312 1056 1372 aeternorum
1088 1310 1409 1373 bonorum
1441 1307 1830 1373 fidelissime
1878 1306 2266 1393 promissor,
2297 1303 2388 1386 [et
2432 1313 2658 1369 cetera

326 1419 408 1474 ut
443 1431 684 1491 cupra,
705 1432 783 1491 p.
817 1411 996 1497 154.]

424 1514 695 1579 Oratio.
785 1513 1069 1577 Domine
1101 1513 1309 1591 Deua,
1341 1515 1666 1579 bonarum
1699 1514 2027 1579 virtutum
2059 1513 2280 1588 dator,
2311 1508 2402 1591 [et
2433 1519 2660 1575 cetera

337 1626 415 1681 ut
446 1636 688 1697 supra,
708 1638 788 1697 p.
821 1617 999 1703 154.]

415 1719 579 1778 Pane
604 1739 760 1797 aqua
786 1719 1023 1798 desuper
1048 1740 1298 1798 aspersa,
1332 1720 1423 1779 det
1450 1722 1507 1779 ei
1532 1721 1822 1798 episcopus
1863 1719 2228 1797 virqinitatis
2253 1718 2661 1788 vestimentum,

332 1822 385 1871 et
411 1821 636 1872 tantwm
662 1814 1035 1872 velamentum
1062 1815 1221 1892 apud
1245 1836 1301 1873 se
1310 1814 1506 1892 faciat
1531 1815 1784 1886 retineri,
1814 1814 2023 1885 dicens,

320 1972 325 1976 .
421 1908 688 1992 Accipe,
722 1907 973 1993 puella,
1005 1908 1309 1994 pallium,
1341 1907 1431 1989 [et
1463 1919 1710 1986 cetera,
1743 1918 1820 1973 ut
1850 1930 2069 1994 supra
2089 1930 2168 1989 p.
2207 1907 2380 1993 153.]

421 2012 584 2070 Tunc
624 2013 752 2090 ipsa
796 2012 957 2088 virqo
995 2012 1173 2071 vadat
1213 2012 1293 2070 ad
1337 2011 1682 2085 sacrarium,
1726 2020 1775 2070 et
1817 2012 2027 2069 induat
2073 2033 2130 2069 se
2169 2012 2294 2089 ipso
2340 2010 2662 2069 vestimento

339 2106 624 2165 benedicto
641 2128 666 2177 ;
705 2106 1102 2184 accipiensque
1140 2126 1325 2163 unum
1360 2126 1577 2164 cereum
1617 2107 1685 2164 in
1722 2126 1929 2163 manue
1954 2126 2087 2163 suae
2131 2106 2440 2174 ardentem,
2472 2104 2665 2162 veniat

336 2200 407 2258 in
433 2200 684 2270 chorum,
717 2207 973 2271 cantans,
1006 2203 1157 2258 Amo
1182 2199 1507 2271 Christum,
1539 2195 1620 2279 [et
1646 2207 1844 2270 cetera,
1876 2208 1940 2257 ut
1966 2220 2142 2276 supra
2163 2220 2229 2277 p.
2266 2196 2430 2279 155]

441 2296 519 2358 V.
611 2295 755 2360 Mel
789 2300 855 2360 et
886 2295 1012 2372 lac,
1045 2294 1137 2376 [et
1169 2305 1417 2371 cetera,
1447 2304 1525 2359 ut
1555 2315 1775 2376 cupra
1795 2317 1873 2376 p.
1907 2294 2085 2381 156.]

429 2397 596 2457 Tunc
622 2398 844 2474 leqatur
870 2398 1109 2477 epistola
1149 2406 1199 2456 et
1226 2398 1583 2476 evanyelium
1605 2420 1624 2458 .·
1664 2405 1715 2456 et
1749 2406 1876 2477 post
1903 2398 2273 2476 evanyelium‚
2302 2404 2353 2455 et
2391 2396 2585 2456 Credo
2614 2404 2665 2454 et

343 2494 733 2572 offertorium,
763 2494 919 2555 dicat
949 2494 1257 2574 episcopus.

337 2676 894 2819 ἶ-ᾞΕΞ

429 2847 637 2911 Ve-ni
680 2884 708 2896 -
739 2853 831 2923 te,

340 2975 393 3024 et
420 2966 617 3025 clerici
632 2973 965 3045 percantent
992 2967 1390 3045 antiphonam,

429 3061 700 3138 Venite,
747 3061 994 3138 venite,
1043 3064 1292 3140 venite,
1344 3064 1516 3141 filiae,
1564 3064 1788 3130 audite
1840 3087 1984 3143 me3
2031 3066 2339 3132 timorem
2392 3067 2660 3133 Domini

341 3164 591 3229 docebo
622 3184 767 3230 voe.

432 3266 749 3332 Accedite
804 3266 889 3330 ad
943 3289 1114 3346 eum,
1165 3274 1236 3334 et
1295 3269 1791 3348 illuminamini,
1840 3276 1910 3335 et
1968 3271 2178 3336 facies
2229 3284 2469 3339 vestrae
2531 3298 2663 3341 non

342 3369 856 3434 confundentur.

433 3470 599 3530 Qunc
645 3473 838 3531 veniat
876 3474 1038 3549 vir-90
1078 3480 1208 3532 ante
1248 3474 1449 3547 altare,
1496 3483 1771 3549 cantamus
1794 3475 1875 3535 Et
1914 3496 2066 3536 nunc
2116 3478 2411 3556 sequimur
2457 3489 2537 3553 te,
2583 3479 2662 3562 [et

342 3575 544 3638 cetera,
577 3575 641 3625 ut
665 3588 845 3646 supra
863 3590 929 3648 p.
961 3567 1129 3649 156.]

424 3660 550 3733 Quo
564 3662 762 3739 finito,
788 3670 1116 3740 prosternat
1140 3684 1197 3721 se
1225 3662 1515 3742 episcopus
1542 3685 1712 3742 super
1738 3672 1990 3743 tapetum
2016 3675 2149 3725 ante
2175 3666 2376 3740 altare,
2409 3677 2459 3728 et
2499 3672 2661 3749 viv-90

344 3764 497 3815 retro
538 3756 860 3835 episcopum
882 3778 907 3828 ;
947 3764 999 3814 et
1037 3764 1296 3815 cantetur
1334 3759 1572 3816 interim
1613 3760 1827 3818 litania
1866 3781 1904 3819 a
1945 3761 2158 3820 duobus
2198 3763 2419 3823 clericis
2440 3765 2665 3843 festive,

350 3853 515 3910 choro
543 3853 906 3930 respondente
923 3874 947 3924 ;
987 3860 1038 3910 et
1065 3853 1217 3911 inter
1243 3861 1421 3912 cetera
1449 3854 1683 3914 dicatur
1710 3858 1781 3915 ab
1806 3858 2061 3942 episcopo
2089 3867 2191 3932 ter,
2624 3853 2629 3858 ’

436 3947 538 4011 Ut
571 3967 835 4012 sorores
859 3948 1032 4011 istas
1054 3947 1526 4028 beneq-dicere
1552 3955 1624 4015 et
1653 3951 1720 4014 in
1745 3972 1905 4016 vera
1924 3953 2250 4037 religione
2275 3977 2669 4024 conservare

350 4049 675 4135 digneriS,
706 4049 800 4114 Te
832 4070 1169 4135 rogamus.

428 4151 755 4229 Episcopus
807 4171 935 4210 vero
988 4158 1041 4210 et
1092 4152 1356 4211 ministri
1410 4152 1619 4212 altaris
1673 4162 1898 4215 cantent
1948 4156 2184 4217 interim
2236 4160 2343 4221 vii.
2398 4162 2662 4222 Psalmos

348 4246 800 4306 Paenitentiales.

347 4395 356 4405 ‚
427 4338 569 4401 Post
596 4339 870 4399 litaniam
897 4348 1093 4417 euryat
1121 4341 1430 4419 episcopus,
1461 4350 1511 4401 et
1537 4343 1789 4424 incipiat
1799 4345 2025 4423 festive,
2060 4348 2216 4408 Veni
2241 4349 2503 4411 Creator.
