3117 5025
1040 429 1455 492 Ordination
1487 429 1703 490 Lista.
2388 419 2516 483 363

308 595 552 662 Frater
586 598 756 664 Milo
789 602 1033 665 Mason

308 684 552 749 Frater
584 687 876 752 Thomas
912 689 1165 754 Sarner
1302 606 1349 858 }
1371 689 1607 752 domus
1628 687 1942 752 Fratrum
1962 683 2303 748 Minorum
2324 681 2522 746 Ebor.

308 772 548 836 Frater
570 773 958 839 Willelmus
993 777 1289 840 Huntter

309 874 553 939 Frater
580 876 914 943 Robertus
946 881 1276 944 Redshaw
1691 875 1992 942 canonici
2022 872 2413 937 monasterii
2446 872 2526 935 de

310 961 553 1026 Frater
580 964 918 1030 Henrieus
951 967 1216 1032 Claiton
1636 896 2019 1121 }Eglesto'n

308 1048 554 1113 Frater
583 1050 624 1114 J
629 1054 928 1117 ohannes
958 1054 1370 1118 Riohmonde

256 1193 271 1207 ·
306 1153 348 1216 J
353 1156 651 1220 ohannes
683 1157 1068 1242 Thompson
1094 1160 1178 1223 ad
1202 1157 1478 1223 titulum
1510 1158 1856 1242 prioratus
1888 1155 2150 1220 Sanetae
2175 1149 2532 1216 Trinitatis

2320 1255 2521 1317 Ebor.

309 1362 643 1428 Robertus
674 1363 900 1429 Walle
933 1365 1017 1429 ad
1050 1365 1322 1430 titulum
1356 1367 1595 1429 domus
1626 1362 2015 1428 monialium
2048 1364 2129 1425 de
2162 1358 2423 1425 Marrik

305 1465 651 1531 Johannes
698 1469 1110 1533 Huohenson
1154 1468 1466 1533 Dunelm.
1511 1469 1856 1559 dioceseos
1900 1467 1985 1532 ad
2029 1464 2305 1530 titulum
2354 1463 2522 1546 prio-

1146 1579 1338 1638 ratus
1388 1574 1469 1638 de
1516 1573 2076 1637 Hextildeshame
2122 1589 2244 1653 per
2289 1567 2526 1631 literas

1146 1677 1569 1742 dimissorias
2594 1721 2598 1727 -

308 1774 700 1841 Willelmus
753 1778 1197 1844 Waikeffelde
1254 1781 1339 1844 ad
1384 1780 1662 1847 titulum
1716 1780 2058 1864 prioratus
2113 1777 2180 1840 S.
2233 1771 2528 1839 Oswaldi

648 1883 655 1890 ’
2070 1881 2150 1944 de
2182 1876 2531 1943 Nostelles

310 1982 704 2049 Willelmus
737 1984 1084 2051 Gubbarde
1117 1988 1201 2052 ad
1234 1988 1506 2052 titulum
1537 1988 1878 2072 prioratus
1909 1986 1990 2050 de
2023 1984 2448 2067 Wirkesope.
2498 1972 2503 1981 ’

309 2088 603 2153 Thomas
634 2090 894 2155 Bennet
926 2089 1236 2155 Dunelm.
1269 2092 1435 2156 dioc.
1470 2092 1554 2155 ad
1580 2090 1852 2156 titulum
1883 2090 2118 2153 domus
2141 2085 2530 2150 monialium

886 2194 1060 2258 villae
1110 2195 1291 2258 Novi
1335 2194 1556 2259 Castri
1594 2214 1797 2279 super
1842 2194 2094 2277 Tynam
2128 2203 2246 2276 p'er
2290 2188 2526 2252 literas

877 2298 1293 2362 dimissorias
1319 2380 1323 2384 ι
1760 2384 1764 2388 Δ

307 2398 696 2464 Willelmus
753 2401 989 2486 Smyth
1037 2404 1121 2468 ad
1168 2404 1440 2468 titulum
1488 2403 1726 2467 domus
1771 2401 2159 2466 monialium
2213 2401 2295 2463 de
2342 2398 2527 2461 Non·
2572 2423 2576 2427 ⁴

2167 2504 2526 2568 monketon

315 2607 701 2674 Willelmus
736 2611 1030 2675 Screvan
1063 2613 1146 2677 ad
1178 2612 1453 2677 titulum
1486 2611 1879 2678 monasterii
1913 2612 1992 2675 de
2027 2611 2414 2674 Thorneton

305 2714 349 2778 J
355 2716 654 2781 ohannes
689 2718 942 2782 Milner
973 2719 1055 2783 ad
1089 2717 1358 2782 titulum
1394 2718 1783 2783 monasterii
1818 2718 1897 2780 de
1929 2716 2247 2780 Rufforde

309 2818 353 2882 J
359 2821 659 2884 ohannes
690 2821 979 2906 Almayn
1012 2823 1095 2886 ad
1128 2823 1399 2887 titulum
1434 2823 1776 2906 prioratus
1808 2822 1889 2884 de
1922 2820 2143 2883 North
2178 2818 2452 2901 Ferriby

304 2922 692 2988 Alexander
723 2927 1052 2989 Tailliour
1082 2927 1180 2990 ad.
1200 2926 1474 2991 titulum
1507 2927 1851 3011 prioratus
1883 2924 1962 2987 de
1996 2923 2422 3007 Thurgarton

301 3028 596 3124 Thomas
629 3029 874 3094 Foster
905 3031 990 3094 ad
1023 3031 1296 3095 titulum
1328 3031 1721 3095 monasterii
1757 3031 1837 3094 de
1866 3030 1908 3093 J
1914 3027 2172 3093 orevall

308 3132 603 3197 Thomas
637 3133 922 3201 Bulloke
955 3136 1039 3199 ad
1072 3136 1348 3200 titulum
1385 3134 1775 3198 monialium
1807 3135 1888 3197 de
1924 3123 2437 3215 Clementhorpe

309 3236 638 3301 Ricardus
669 3237 945 3302 Derluff
969 3240 1052 3304 ad
1086 3237 1364 3303 titulum
1396 3239 1738 3323 prioratus
1770 3239 1850 3300 de
1882 3235 2328 3319 Helaghpark

310 3340 650 3404 Robertus
681 3341 985 3405 Johnson
1017 3342 1102 3406 ad
1133 3342 1408 3406 titulum
1441 3341 1835 3404 monasterii
1866 3341 1946 3403 de
1979 3335 2259 3423 Heppa'

310 3444 352 3509 J
357 3446 604 3510 acobus
636 3445 897 3509 Waitte
933 3446 1018 3511 ad
1050 3447 1323 3511 titulum
1356 3448 1593 3510 domus
1625 3446 2012 3510 monialium
2044 3446 2123 3508 de
2157 3445 2416 3509 Marrik

313 3548 651 3613 Robertus
684 3549 1004 3614 Webster
1034 3551 1119 3615 ad
1150 3550 1424 3616 titulum
1458 3550 1694 3614 domus
1735 3551 2123 3614 monialium
2155 3549 2235 3613 de
2269 3548 2530 3632 Molsby

315 3652 726 3716 Laurentius
760 3653 925 3717 Hall
958 3654 1041 3718 ad
1074 3654 1347 3718 titulum
1380 3655 1727 3739 prioratus
1760 3656 1839 3717 de
1874 3655 2143 3718 Marton

317 3756 610 3820 Thomas
643 3756 971 3842 Bradeley
1004 3758 1089 3822 ad
1122 3759 1393 3824 titulum
1428 3759 1818 3825 monasterii
1850 3759 1931 3821 de
1962 3756 2303 3841 Whalley.

1236 3949 1547 4012 Diaconz'.

319 4051 563 4114 Frater
591 4048 963 4112 Edwardus
999 4050 1212 4135 Spark
1433 4051 1736 4116 canonici
1768 4052 2113 4137 prioratus
2141 4051 2222 4114 de
2253 4050 2535 4115 Watton

319 4138 559 4201 Frater
589 4136 925 4201 Robertus
955 4137 996 4201 J
1000 4160 1202 4202 aeson
1364 4055 1401 4223 }

316 4241 561 4304 Frater
593 4239 978 4303 Willelmus
1012 4241 1304 4307 Penreth
1353 4213 1359 4222 ”
1454 4242 1694 4304 domus
1726 4241 2042 4304 Fratrum
2079 4242 2413 4304 Minorum
2448 4241 2530 4304 de

318 4328 561 4392 Frater
591 4327 630 4391 J
637 4328 936 4391 ohannes
971 4326 1191 4392 Cooke
1382 4245 1888 4498 }observantia
1932 4335 2325 4413 nuncupatae
2364 4327 2531 4392 villae

1453 4416 1635 4480 Novi
1668 4415 1889 4479 Castri
1926 4437 2127 4501 super
2157 4416 2409 4499 Tynam

409 4519 535 4581 45*
