3117 5025
1100 388 1466 455 Dedicatio
1496 386 1843 454 Ecclesiae.
2213 391 2226 402 ⁴
2543 380 2627 448 75

321 602 326 605 ’
396 588 517 652 Hic
546 593 663 670 fiat
702 593 878 652 brevis
918 614 1093 652 sermo
1137 593 1215 652 ad
1248 594 1547 673 populum,
1592 602 1643 652 et
1677 599 1907 671 petatur
1949 611 1986 650 a
2031 586 2491 650 constructoribus
2531 585 2630 644 dos

315 688 552 746 ecelesiae
572 709 597 760 ;
623 690 742 766 fiat
781 689 954 747 etiam
993 708 1171 747 sermo
1211 688 1279 746 ‹le
1318 688 1690 759 dedicatione,
1730 687 1798 745 de
1834 706 1971 765 pace
2012 684 2353 743 venientium
2389 691 2440 741 et
2478 682 2629 762 rede-

306 782 562 857 =nntium,
590 783 658 841 de
668 782 945 860 feriando
970 782 1365 841 anniversario
1390 783 1589 841 eadem
1615 782 1709 841 die
1733 782 1800 840 in
1826 781 2020 839 eadem
2037 778 2334 858 parochia.

405 875 567 935 Tunc
602 886 855 954 unyatur
862 875 1033 954 frons
1073 878 1290 955 lapidis
1329 878 1397 936 in
1430 878 1664 937 modum
1701 876 1883 936 crucis
1921 875 2219 935 chrismate
2245 874 2317 932 ab
2355 872 2625 952 episcopo,

315 969 622 1051 incipiente
647 972 795 1031 hanc
821 972 1211 1051 antiphonam.
1245 998 1249 1002 ·
1356 1031 1361 1036 .

216 1209 220 1218 -
316 1157 2636 1273 Q

411 1302 746 1372 confirma
796 1306 922 1370 hoe
972 1304 1074 1369 De
1105 1342 1131 1355 ·
1162 1326 1244 1371 us
1295 1306 1471 1389 quod
1517 1309 1923 1391 o-pe-ra-tus
1981 1325 2055 1368 es
2122 1304 2192 1368 in
2257 1323 2343 1368 no
2374 1339 2400 1353 -
2430 1302 2534 1367 bis
2594 1323 2636 1367 a

724 1582 761 1588 -
1968 1529 2639 1602 “-“-.--.-;--.-ι;

324 1652 575 1738 templo
631 1662 866 1721 sancto
925 1660 1004 1721 tu
1033 1692 1060 1706 -
1091 1676 1129 1720 o
1190 1653 1367 1740 quod
1421 1660 1525 1721 est
1584 1654 1653 1719 in
1712 1652 2196 1730 Je-ru-sa-lem,
2243 1651 2644 1738 al·le-lu-yn,

321 1846 821 1981 Ξ

327 2011 726 2099 al·le·lu-ya.

755 2210 1690 2327 affl·

415 2355 754 2422 Psalmus.
847 2358 1242 2445 Ex-sur-gat
1290 2357 1390 2423 De
1421 2396 1448 2408 -
1478 2380 1577 2421 οε.

422 2524 691 2604 Sequitur
717 2527 916 2586 orat-io.

423 2621 750 2687 Dominus
780 2621 1157 2687 vobiscum..

428 2724 732 2789 Oremus.

423 2825 825 2902 Descendat,
870 2845 1265 2910 quaesumus,
1312 2823 1594 2890 Domine
1639 2825 1823 2893 Deus
1868 2833 2117 2906 noster,
2167 2828 2452 2916 Spiritus
2496 2836 2653 2897 tuus

342 2928 632 2994 Sanctus
662 2948 864 3013 super
893 2929 1018 2993 hoc
1048 2927 1283 3004 altare,
1315 2927 1429 3012 qui
1459 2933 1529 2992 et
1556 2927 1733 2993 dona.
1776 2931 2005 3016 populi
2034 2933 2133 2997 tui
2168 2934 2555 3010 sanctificet,
2587 2939 2657 3001 et

338 3030 747 3096 sumentium
776 3030 980 3096 eorda
1008 3029 1334 3114 purificet.
1422 3029 1553 3094 Per
1581 3030 1956 3097 Dominum.

334 3129 340 3134 ’
424 3131 588 3192 Tunc
638 3139 955 3209 exterqatur
1005 3131 1187 3190 altare
1240 3131 1452 3190 mando
1505 3132 1871 3194 lintheamine
1927 3136 2009 3194 vel
2062 3146 2248 3197 cotone
2300 3138 2383 3197 vel
2438 3138 2655 3216 stuppis
2717 3180 2720 3187 ·

339 3228 591 3299 mwndis,
620 3246 744 3306 quoe
769 3227 1168 3286 comburantur
1192 3233 1243 3285 et
1270 3226 1480 3285 cineres
1506 3227 1576 3285 in
1602 3227 1716 3291 loco
1743 3230 2093 3290 convenienti
2119 3240 2481 3309 reponantur.

420 3322 564 3382 Post
588 3323 722 3393 haec,
756 3321 1154 3380 benedicantur
1170 3321 1364 3400 panni
1391 3321 1616 3393 altaris,
1649 3332 1977 3382 ornamenta
2005 3333 2055 3383 et
2086 3346 2222 3384 vasa
2251 3325 2503 3400 ecclesioe,
2533 3328 2629 3385 sic.

430 3416 760 3484 Dominus
790 3417 1152 3485 vobiscum.

434 3521 696 3590 Oratio.

437 3624 740 3691 Oremus.

432 3726 714 3804 Exaudi,
754 3725 1058 3805 Domine,
1091 3748 1323 3814 preces
1369 3733 1659 3805 nostras,
1692 3733 1761 3794 et
1804 3728 1940 3793 haee
1989 3729 2426 3795 lintheamina
2470 3716 2668 3815 atque
2739 3808 2752 3823 ι

350 3832 760 3910 indumenta,
800 3853 1054 3898 necnon
1100 3839 1168 3898 et
1216 3852 1379 3897 vasa
1424 3831 1639 3897 saneti
1683 3832 1921 3898 altaris
1966 3839 2166 3917 atque
2212 3834 2501 3899 ecclesiae
2545 3842 2673 3902 tuae

346 3939 716 4020 cunctaque
781 3934 956 4000 sacri
1027 3933 1331 4020 mysterii
1396 3934 1551 3997 usui
1625 3941 2000 4019 praeparata
2072 3936 2539 4022 beneffldieere
2607 3945 2678 4003 et

349 4035 846 4124 sanetifflfieare
877 4035 1194 4121 digneris.
1282 4034 1413 4099 Per
1441 4035 1816 4100 Dominum.

429 4137 570 4197 Post
613 4138 728 4198 haec
768 4137 1011 4216 aspersis
1053 4157 1206 4214 aqua
1253 4136 1535 4196 benedicta
1572 4138 1810 4215 pannis,
1852 4139 2215 4211 ornamentis,
2256 4147 2306 4197 et
2352 4141 2520 4214 vasis,
2565 4148 2683 4199 tam

349 4234 556 4294 altaris
595 4254 767 4312 quam
808 4233 1060 4306 ecclesiae,
1106 4232 1374 4291 vestiatur
1422 4231 1603 4291 altare
1642 4253 1770 4291 cum
1810 4233 2170 4304 ornamentis,
2216 4235 2497 4293 cantando
2536 4236 2682 4295 hanc

351 4327 744 4407 antiphonam.

525 4425 605 4487 9.
