3117 5025
846 370 1245 437 Benedictio
1279 369 1543 454 lapidis
1566 370 1970 454 portabilis.
2440 369 2569 438 127

335 575 479 638 Pax
510 581 752 641 tecum.

336 677 430 741 Et
460 700 609 743 cum
643 679 887 765 spiritu
916 684 1058 744 tu0.

247 868 252 875 ⁶
332 780 540 840 Postea
581 802 710 840 cum
749 783 982 861 hyssopo
1022 791 1286 862 asperqat
1324 781 1393 841 de
1430 783 1635 861 prima
1675 803 1829 861 aqua
1867 802 1982 842 non
2026 783 2338 842 chrismata
2383 782 2572 862 ipsam

239 875 507 934 'tabulam
533 877 621 934 vel
648 878 900 955 lapidem
925 886 1128 956 septem
1155 877 1372 937 vicibus
1398 878 1485 936 vel
1510 878 1708 948 tribus,
1740 877 2071 957 incipiendo
2098 878 2489 958 antiphonam.

336 972 682 1057 Asperges
727 993 833 1036 me
877 973 1169 1059 hyssopo
1222 977 1293 1040 et
1337 973 1749 1039 mundabor:
1799 972 2063 1040 lavabis
2106 996 2213 1039 me
2260 980 2331 1040 et
2375 995 2579 1060 super

250 1073 472 1138 nivem
505 1074 889 1139 dealbabor.

337 1178 457 1241 Ps.
549 1177 878 1242 Miserere
909 1178 1065 1242 mei.

334 1280 513 1337 Totus
535 1280 791 1357 psalmus
818 1280 1066 1353 dicatur,
1094 1281 1216 1339 sine
1246 1280 1454 1341 Gloria
1482 1279 1666 1340 Patri.

336 1373 463 1446 Quo
481 1382 732 1452 peracto,
755 1374 900 1433 lavet
927 1375 1184 1434 tabulam
1204 1376 1291 1433 vel
1319 1375 1570 1454 lapidem
1590 1375 1658 1434 de
1685 1395 1839 1453 aqua
1864 1382 2088 1433 sacrata
2106 1395 2220 1434 non
2247 1374 2575 1435 chrismata.

251 1469 572 1528 Residnum
600 1490 762 1546 aquae
798 1471 1118 1529 chrismatae
1144 1471 1413 1529 mittatur
1450 1471 1519 1528 in
1543 1471 1886 1530 sacrarium.
1977 1470 2103 1540 Quo
2120 1477 2373 1549 peracto,
2406 1479 2577 1530 exter·

250 1572 427 1641 qatur
451 1565 562 1622 illa
588 1565 784 1622 tabula
810 1566 897 1623 vel
923 1566 1074 1643 lapis
1100 1586 1229 1624 cum
1254 1565 1495 1643 stuppis,
1523 1585 1646 1642 quae
1671 1565 2088 1623 comburantur.

335 1659 501 1718 Tunc
526 1659 811 1737 episcopus
831 1660 900 1718 de
926 1660 1041 1718 oleo
1065 1658 1460 1737 sanctofaoiat
1485 1680 1703 1718 crucem
1729 1660 1796 1717 in
1815 1660 2001 1718 medio
2026 1660 2231 1719 tabulae
2250 1660 2337 1720 vel
2362 1658 2580 1739 lapidis

252 1762 305 1813 et
322 1776 436 1833 per
461 1762 706 1832 quatuor
732 1775 965 1826 cornua,
997 1755 1188 1814 dicens
1215 1756 1281 1813 in
1306 1754 1553 1832 qualibet
1572 1755 1849 1813 unctione.

343 1850 838 1930 Consecrffiare
913 1854 983 1916 et
1052 1852 1553 1934 sanctifflficare
1621 1851 1943 1936 digneris,
2019 1850 2303 1916 Domine
2370 1851 2579 1930 Deus,

249 1951 561 2017 tabulam
605 1953 808 2017 istam
858 1952 1008 2036 (vel
1052 1953 1341 2039 lapidem
1392 1952 1626 2038 istum)
1677 1975 1797 2038 per
1839 1955 2042 2019 istam
2084 1955 2468 2019 unctionem
2513 1960 2584 2020 et

245 2061 558 2120 nostram
590 2056 1222 2139 beneffldictionem.
1312 2056 1443 2121 Per
1472 2055 1821 2121 Christum
1862 2056 2219 2122 Dominum
2250 2061 2580 2122 nostrum.

340 2159 488 2222 Pax
517 2163 761 2222 tecum.

347 2264 436 2327 R.
527 2262 621 2328 Et
650 2284 797 2327 cum
830 2261 1071 2347 spiritu
1105 2267 1248 2328 tuo.

339 2365 590 2425 Interim
616 2373 871 2424 cantetur
896 2365 1230 2442 antiphona.

344 2461 588 2527 Erexit
619 2460 826 2526 Jacob
856 2459 1148 2546 lapidem
1179 2459 1249 2524 in
1279 2459 1556 2526 titulum
1588 2459 1878 2525 fundens
1911 2459 2133 2525 oleum
2164 2458 2475 2545 desuper.
2558 2522 2563 2528 .

345 2567 474 2630 Ps.
564 2564 776 2649 Quam
807 2563 1073 2641 dilecta,
1106 2565 1262 2628 sine
1285 2564 1517 2637 Gloria
1545 2564 1757 2629 Patri.

340 2667 589 2727 Interim
617 2674 803 2725 autem
830 2665 899 2724 de
938 2665 1126 2724 eodem
1152 2665 1268 2725 oleo
1291 2675 1574 2745 perunyat
1600 2667 1889 2745 episcopus
1931 2664 2183 2744 lapidem
2208 2666 2354 2725 sicut
2386 2667 2577 2745 prins,

258 2763 841 2925 dwgfflisecrfflare
888 2843 959 2903 et
1000 2838 1499 2920 sanctifflfieare
1546 2838 1865 2925 digneris,
1908 2816 2193 2904 Domine
2241 2838 2447 2917 Deus,
2483 2845 2583 2905 ta·

253 2944 488 3011 bulam
548 2942 750 3006 istam
802 2940 951 3024 (vel
1006 2940 1301 3026 lapidem
1355 2942 1590 3026 istum)
1649 2963 1771 3024 per
1822 2942 2023 3006 istam
2077 2943 2455 3007 unctionem
2517 2949 2586 3008 et

257 3052 563 3113 nostram
606 3042 1239 3122 beneffidictionem.
1328 3046 1459 3110 Per
1490 3043 1833 3109 Christum
1866 3045 2225 3110 Dominum
2256 3053 2596 3112 nostrum:

354 3150 497 3215 Pax
528 3154 769 3212 tecum.

351 3252 444 3318 Et
472 3272 625 3316 cum
657 3249 900 3334 spiritu
928 3253 1070 3313 tuo·

341 3354 596 3414 Interim
623 3353 854 3410 dicatur
880 3352 1213 3429 antiphona.

347 3450 555 3514 Mane
601 3466 1011 3531 consurgens
1054 3444 1266 3510 Jacob
1308 3444 1615 3531 erigebat
1660 3444 1953 3529 lapidem
2002 3446 2070 3509 in
2115 3445 2390 3510 titulum
2433 3448 2583 3511 fun-

256 3553 428 3617 dens
459 3551 684 3614 oleum
711 3548 1019 3631 desuper.
1108 3547 1361 3612 Votum
1390 3549 1576 3612 vovit
1599 3547 1885 3613 Domino
1914 3548 2161 3625 dicens,
2184 3548 2364 3614 Vere
2396 3549 2583 3615 locus

187 3686 194 3691 ·
251 3657 391 3721 iste
425 3658 699 3718 sanctus
730 3658 855 3729 est,
887 3656 955 3716 et
986 3672 1111 3737 ego
1140 3650 1540 3716 nesciebam.

347 3760 469 3822 Ps.
558 3755 745 3821 Deus
776 3759 1008 3818 noster
1035 3754 1390 3839 refugium.
1440 3758 1586 3819 sine
1618 3752 1851 3819 Gloria
1880 3753 2092 3818 Patri.

337 3862 550 3920 Postea
589 3859 857 3934 offeratur
901 3856 1170 3929 chrisma,
1212 3865 1262 3915 et
1307 3857 1581 3915 similiter
1621 3857 1769 3915 sicut
1807 3857 1877 3916 de
1915 3858 2031 3915 oleo
2066 3866 2355 3935 perunyat
2393 3859 2584 3937 ipsam

259 3955 521 4015 tabulam
545 3953 629 4010 sio
656 3951 911 4010 dicendo.

351 4044 844 4124 Consecrffiare
918 4050 989 4110 et
1064 4043 1561 4124 sanctifflficare
1603 4077 1608 4082 ·
1637 4047 1956 4133 digneris,
2024 4046 2308 4112 Domine
2374 4047 2581 4129 Deus,

253 4153 563 4221 tabulam
596 4151 797 4215 istam
827 4150 974 4233 (vel
1002 4148 1293 4234 lapidem
1325 4151 1561 4236 istum)
1592 4172 1715 4235 per
1747 4152 1922 4216 sacri
1953 4151 2341 4215 chrismatis
2370 4155 2588 4218 uncti-

256 4276 460 4321 onem
514 4257 585 4317 et
634 4257 935 4316 nostram
987 4247 1616 4328 beneffldictionem.
1705 4254 1785 4318 In
1831 4252 2099 4318 nomine
2144 4253 2371 4317 Patris
2401 4261 2481 4339 ›1‹
2514 4262 2585 4320 et

257 4358 425 4425 Filii
451 4355 533 4435 ⁵1⁴
565 4360 635 4420 et
666 4354 959 4439 Spiritus
986 4357 1065 4438 ›1‹
1102 4352 1352 4419 Sancti.
