3117 5025
973 391 1341 455 Ordinatio
1371 392 1843 457 Sacerdotum.
2477 386 2561 449 41

328 595 719 677 Antequam
743 547 1017 659 dicatur
1038 594 1324 660 collecta
1344 596 1443 658 ad
1459 594 1947 676 complendum,
1957 602 2181 676 ponat
2198 595 2555 676 episcopus

252 717 480 759 manus
510 718 719 779 super
749 671 989 784 capita
1018 698 1462 781 sinyulorum,
1494 699 1728 762 dicem
1757 719 1774 761 t

325 798 565 884 Accipe
617 799 938 883 Spiritum
990 804 1290 864 sanctum
1317 822 1332 863 ε
1388 820 1664 883 quorum
1716 797 2057 863 remiseris
2105 801 2399 882 peccata,
2444 819 2549 863 re·

248 900 588 965 mittentur
616 903 734 975 eis,
768 907 838 967 et
865 923 1144 985 quorum
1174 901 1552 977 retinueris,
1581 905 1847 965 retenta
1876 904 2091 965 erunt.

330 1001 487 1062 Tum
514 1003 706 1063 ῠναῙιαι
744 1004 1052 1081 wnicuique
1091 1004 1343 1061 casulam
1369 1002 1438 1062 in
1460 1004 1595 1061 sinu
1611 1024 1722 1081 per
1757 1003 2036 1081 scapulas,
2065 1001 2320 1061 osculans
2347 1021 2471 1061 eum
2498 1010 2550 1061 et

247 1096 426 1155 diceus
447 1120 466 1156 :

326 1192 464 1256 Pax
494 1196 734 1285 tecum.

331 1295 711 1362 Ordinatus
741 1294 1150 1374 respondeat
1173 1318 1194 1356 .-

324 1395 411 1458 Et
439 1418 586 1459 cum
620 1395 860 1479 spiritu
891 1400 1031 1459 tuo.

318 1495 402 1554 Et
416 1518 528 1575 per
551 1517 756 1555 manus
782 1496 1118 1555 commendet
1141 1517 1197 1554 se
1222 1496 1571 1555 orationibus
1596 1516 1789 1556 eorum
1814 1495 2002 1555 dicem
2029 1518 2048 1554 .-

326 1592 458 1656 Ora
485 1613 604 1676 pro
635 1613 761 1667 me,
791 1591 1022 1655 frater.

322 1697 649 1778 Sequitur
678 1694 1003 1776 specialis
1032 1694 1339 1775 ipsorum
1371 1694 1768 1759 benedictio.

350 1797 732 1861 Benedictio
785 1796 912 1860 Dei
963 1795 1254 1870 Patff-ris
1307 1801 1376 1859 et
1425 1796 1682 1880 Fi-xdii,
1737 1801 1808 1861 et
1860 1796 2147 1882 Spiritus
2190 1799 2271 1879 ᾧ
2317 1797 2542 1863 Sancti

238 1900 597 1964 descendat
641 1920 843 1983 super
876 1920 1038 1975 vos3
1083 1903 1162 1963 ut
1201 1899 1350 1962 sitis
1388 1899 1718 1963 benedicti
1756 1899 1826 1962 in
1871 1899 2096 1963 ordine
2128 1899 2543 1976 sacerdotali,

236 2008 305 2065 et
335 2000 633 2065 offeratis
662 2000 1024 2085 placabiles
1063 2001 1320 2065 hostias
1359 2021 1480 2083 pro
1519 2001 1810 2086 peccatis
1840 2006 2041 2085 atque
2069 2002 2542 2066 offensionibus

233 2103 479 2189 populi,
512 2102 946 2186 omnipotenti
990 2102 1154 2179 Deo,
1184 2102 1290 2167 cui
1337 2110 1442 2167 est
1480 2104 1695 2167 honor
1728 2108 1798 2167 et
1825 2104 2062 2189 gloria.
2150 2104 2280 2169 Per
2323 2106 2543 2170 omnia

236 2205 477 2270 saecula
507 2204 911 2269 saeculorum.
1001 2206 1233 2269 Amen.

326 2310 649 2373 Omnibus
681 2308 989 2388 expletis,
1008 2316 1362 2388 proponat
1391 2308 1488 2370 eis
1521 2308 1875 2389 episcopus
1894 2332 1916 2370 .·

319 2410 488 2494 Quia
515 2430 625 2472 res
655 2430 851 2492 quam
896 2409 1250 2473 tractaturi
1296 2410 1480 2485 estis,
1513 2410 1680 2473 satis
1723 2409 2098 2493 periculosa
2142 2414 2265 2486 est,
2294 2410 2541 2476 fratres

228 2512 576 2587 carissimi,
628 2533 862 2575 moneo
914 2532 1034 2574 vos
1089 2517 1167 2575 ut
1223 2510 1580 2597 diligenter
1634 2517 1704 2575 et
1731 2513 2010 2576 honeste
2060 2513 2269 2577 totius
2326 2514 2543 2579 missae

232 2616 552 2691 ordinem,
586 2619 655 2677 et
698 2614 1280 2690 consecrationem,
1312 2621 1381 2678 et
1419 2615 1829 2690 fractionem,
1862 2621 2061 2698 atque
2106 2616 2544 2680 communica-

227 2719 500 2793 tionem,
546 2717 631 2780 ab
675 2715 825 2779 aliis
862 2715 1003 2797 jam
1048 2715 1261 2780 doctis
1314 2716 1771 2780 sacerdotibus
1818 2717 2111 2793 discatis,
2157 2718 2540 2802 priusquam

228 2821 510 2885 missam
542 2823 813 2881 cantare
844 2819 1284 2902 praesumatis.

310 2921 433 2979 Hic
458 2921 798 2996 iujunqatur
822 2919 902 2976 eis
928 2919 1126 2997 aliqua
1171 2919 1509 2996 quotidiana
1526 2918 1883 2997 poenitentia,
1912 2920 2011 2979 Ps.
2057 2921 2157 2980 Ad
2185 2929 2244 2981 te
2286 2922 2539 2984 Domino

225 3016 438 3088 levavi,
463 3015 548 3072 vel
575 3014 787 3091 aliquis
827 3013 978 3071 alius
996 3014 1272 3091 psalmuS,
1298 3014 1384 3073 vel
1422 3014 1736 3092 antiphona
1763 3035 1890 3072 cum
1915 3036 2076 3073 versu
2115 3023 2165 3074 et
2199 3017 2445 3076 oratione
2471 3018 2539 3077 de

237 3109 535 3169 Trinitate
559 3108 645 3166 vel
678 3108 857 3166 G‘ruce
883 3108 968 3166 vel
991 3116 1185 3166 sancta
1212 3108 1435 3168 Maria.

321 3285 488 3345 Tunc
513 3286 832 3364 incipiatur
858 3285 1194 3359 commuuio,
1223 3295 1273 3345 et
1297 3287 1531 3346 dicatur
1556 3286 1781 3346 collecta
1806 3287 1990 3346 missae
2017 3287 2096 3345 ad
2120 3288 2525 3367 complendum.

414 4432 599 4495 Pont.
639 4435 681 4496 5
