3117 5025
515 391 644 454 232
1120 391 1167 453 I
1164 390 1629 455 ntlarom‘aeatio
1660 391 2211 473 Archiepiscopi.

896 803 1648 884 [INTHRONIZATIO
1690 803 2427 889 ARCHIEPISOOPI.]

595 1009 735 1096 [In]
796 1010 1375 1075 inthronizatione
1439 1014 1969 1093 archiepiscopi,
2030 1015 2313 1095 quando
2377 1013 2525 1091 ipse
2585 1008 2821 1072 archi-

514 1116 872 1195 episcopus
901 1115 1120 1195 defert
1137 1114 1445 1194 pallium
1477 1136 1523 1178 a
1555 1118 1712 1179 cede
1745 1117 2086 1179 Romana.

601 1218 903 1282 Oremus.

598 1320 803 1395 Deus,
859 1321 972 1405 qui
1026 1321 1107 1386 de
1161 1321 1426 1385 excelso
1476 1321 1790 1384 coelorum
1842 1321 2226 1386 habitaculo
2279 1322 2480 1385 corda
2530 1317 2827 1381 fidelium

516 1423 769 1508 Spiritu
803 1423 1047 1487 Sancto
1071 1423 1556 1488 corroborando
1581 1423 1911 1499 illustras,
1937 1422 2470 1508 archipraesulem
2501 1427 2828 1493 nostrum,

513 1548 708 1612 quem
743 1525 1125 1591 sanctitatis
1156 1526 1362 1609 pallio
1394 1525 1728 1589 decorasti
1747 1550 1764 1603 ;
1812 1528 2138 1591 virtutum
2162 1546 2422 1610 quoque
2455 1523 2825 1588 coelestium

510 1631 749 1693 robore
780 1629 1115 1704 confirma,
1148 1633 1226 1692 ut
1267 1649 1390 1691 nos
1432 1627 1581 1711 ejus
1613 1628 1915 1712 exemplo
1962 1635 2031 1693 et
2073 1630 2467 1693 documento
2498 1628 2629 1691 iter
2672 1625 2828 1688 vitae

514 1731 803 1794 coelestis
834 1729 1113 1814 ingredi,
1140 1735 1210 1794 et
1239 1751 1388 1793 cum
1420 1751 1498 1794 eo
1530 1731 1723 1815 regni
1752 1732 1854 1794 tui
1878 1738 2221 1795 consortes
2253 1731 2398 1794 fieri
2430 1749 2822 1793 mereamur.

514 1837 645 1900 Per
672 1834 1026 1898 Dominum
1060 1839 1382 1898 nostrum.
1474 1834 1554 1897 In
1587 1834 1844 1899 unitate
1879 1835 2196 1918 ejusdem.

602 1935 929 2001 Dominus
960 1936 1323 1999 vobiscum.

601 2040 693 2104 Et
722 2061 868 2103 cum
903 2039 1144 2122 spiritu
1172 2042 1311 2103 tuo,

607 2144 908 2208 Oremus.
1846 2230 1851 2235 p

634 2246 1073 2329 Omnipotens
1141 2245 1544 2329 sempiterne
1613 2247 1818 2324 Deus,
1882 2248 1998 2333 qui
2065 2270 2209 2313 cum
2275 2249 2369 2312 sis
2437 2247 2833 2326 altissimus,

511 2354 786 2418 humilis
810 2352 893 2416 ad
917 2371 1040 2414 nos
1064 2351 1461 2414 descendere
1486 2352 1804 2436 dignatus
1829 2373 1921 2430 es,
1942 2358 2010 2417 te
2037 2352 2430 2437 suppliciter
2450 2374 2825 2429 exoramus,

515 2462 593 2521 ut
622 2454 898 2541 fastigio
932 2454 1283 2518 sacerdotii
1329 2453 1482 2518 huic
1511 2455 1762 2519 famulo
1807 2460 1925 2520 tuo
1958 2477 1999 2520 a
2026 2460 2097 2519 te
2130 2455 2376 2519 collato
2425 2454 2830 2519 humilitatis

514 2560 842 2644 dignitate
896 2561 1386 2641 promoveatur,
1434 2561 1504 2621 et
1556 2557 1729 2621 sicut
1781 2557 1849 2620 in
1902 2558 2273 2621 ministerio
2320 2557 2666 2642 regiminis
2722 2558 2830 2621 sui

509 2665 680 2727 hanc
735 2660 958 2724 sedem
1021 2659 1466 2743 pontificalem
1520 2680 1924 2725 ascensurus
1985 2661 2393 2745 aggreditur,
2448 2661 2546 2725 ita
2599 2662 2824 2725 sedem

512 2763 805 2849 pectoris
853 2762 999 2844 ejus
1030 2769 1159 2826 tuae
1203 2762 1713 2828 inhabitationis
1758 2762 2145 2826 visitatione
2193 2762 2632 2848 aggrediaris,
2665 2784 2828 2846 qua-

512 2872 712 2931 tenus
768 2864 1006 2927 solium
1055 2868 1185 2927 tuae
1248 2863 1589 2940 sessionis,
1637 2863 1966 2948 largiente
2025 2866 2249 2949 gratia
2301 2872 2440 2941 tua,
2495 2864 2825 2930 exsistere

510 2970 886 3041 mereatur;
932 2987 1053 3050 per
1083 2969 1171 3041 te,
1203 2965 1246 3030 J
1250 2987 1370 3029 esu
1415 2966 1705 3043 Christe,
1739 2966 1853 3050 qui
1884 2987 2032 3030 cum
2079 2971 2435 3030 co·aeterno
2466 2968 2591 3031 tibi
2621 2969 2824 3034 Patre

512 3075 583 3133 et
642 3068 896 3151 Spiritu
954 3066 1196 3131 Sancto
1249 3067 1421 3132 vivis
1475 3073 1544 3133 et
1594 3088 1843 3154 regnas
1894 3067 2078 3132 Deus
2131 3090 2252 3153 per
2303 3069 2526 3133 omnia
2582 3071 2827 3135 saecula

477 3165 923 3236 saeculorum.
1012 3171 1247 3233 Amen.

604 3276 904 3339 Oremus.

597 3377 1033 3461 Omnipotens
1080 3376 1482 3460 sempiterne
1527 3376 1733 3452 Deus,
1766 3377 1881 3460 qui
1927 3378 2007 3441 de
2055 3398 2311 3441 summo
2357 3377 2504 3442 coeli
2546 3377 2823 3463 fastigio

511 3480 733 3545 omnia
775 3499 1134 3562 regnorum
1180 3478 1634 3562 gubernacula
1676 3479 1880 3563 regis,
1928 3478 2386 3564 archipraesuli
2428 3485 2660 3545 nostro
2709 3481 2824 3543 do·
2928 3552 2935 3558 ¹

509 3582 786 3645 minium
850 3581 1054 3663 hujus
1114 3579 1444 3655 cathedrae
1511 3600 1552 3644 a
1618 3585 1687 3643 te
1748 3582 2072 3644 bonorum
2141 3582 2431 3665 omnium
2496 3581 2822 3667 largitore

510 3681 924 3766 suscipienti,
970 3679 1335 3745 coelestium
1382 3680 1604 3744 tribue
1645 3682 2055 3746 incrementa
2100 3683 2617 3760 charismatum3
2665 3705 2827 3766 qua-

507 3791 704 3851 tenus
766 3803 925 3846 oves
986 3782 1110 3845 tibi
1162 3783 1662 3846 commendatas
1713 3784 1812 3848 ita
1871 3785 2218 3868 gubernet,
2268 3789 2344 3849 ut
2396 3807 2543 3849 cum
2595 3786 2824 3849 fructu

505 3890 831 3952 bonorum
863 3904 1136 3967 operum
1167 3884 1251 3948 ad
1296 3905 1578 3968 regnum
1612 3884 1755 3948 sine
1787 3886 1918 3949 fine
1961 3907 2349 3951 mansurum
2382 3908 2532 3951 cum
2563 3887 2722 3965 illis,
2755 3892 2824 3951 te

507 3990 816 4062 donante,
847 3985 1212 4070 perveniat.
1304 3984 1434 4048 Per
1461 3985 1840 4051 Dominum.

586 4090 673 4149 In
699 4086 1108 4147 consecratione
1134 4088 1547 4167 archiepiscopi
1566 4090 1911 4167 priusquam
1930 4089 2120 4167 pallio
2161 4090 2559 4162 circumdetur,
2590 4090 2824 4150 dicatur

508 4187 579 4245 ab
607 4183 804 4259 aliquo
830 4181 1086 4258 episcopo
1113 4182 1227 4240 haeo
1254 4182 1456 4239 oratio.

596 4276 876 4343 Domine
922 4273 1127 4353 Deus,
1161 4277 1365 4343 Pater
1410 4277 1852 4360 omnipotens,
1884 4279 2001 4364 qui
2048 4278 2194 4345 sola
2239 4279 2562 4346 ineffabili
2590 4280 2829 4366 gratiae
