3117 5025
1081 381 1450 449 Dedicatio
1480 381 1830 449 Ecclesiae.
2528 373 2613 442 57

289 579 377 644 ad
420 586 666 649 nostrae
710 584 1112 653 humilitatis
1155 588 1553 675 ingressum,
1597 586 1888 651 omnium
1926 586 2302 650 sanctorum
2346 585 2616 646 tuorum

287 684 570 763 meritis,
628 687 792 775 fuga
848 690 1217 755 daemonum
1274 695 1346 757 et
1412 689 1729 777 angelicae
1788 686 1973 774 pacis
2030 687 2394 773 ingressus.
2481 682 2614 747 Per

291 784 672 853 Dominum.

369 887 556 950 Dicta
594 892 868 966 (natione
895 894 1184 973 percutiat
1225 895 1512 973 episcopus
1550 893 1745 953 baculo
1783 912 1884 952 sao
1923 892 2085 951 tertio
2123 891 2329 950 ostium
2368 888 2435 948 in
2473 888 2612 963 alto,

291 990 343 1041 et
384 983 542 1043 dicat
582 986 787 1047 directe
830 997 1005 1049 totam
1054 990 1394 1068 praedictum
1435 1009 1673 1061 versum,
1717 987 1935 1048 Tollite
1988 995 2218 1065 portas·
2201 1030 2219 1059 ,
2276 1005 2384 1063 quo
2436 984 2609 1055 dicto,

292 1080 623 1155 respondeat
680 1083 956 1143 diaconus
1014 1085 1186 1161 intus,
1246 1085 1391 1155 Quis
1451 1092 1543 1145 est
1609 1085 1719 1145 iste
1780 1104 1889 1144 rex
1954 1081 2177 1164 gloriae.
2308 1079 2614 1158 episscopmv

291 1174 576 1234 Dominus
601 1177 903 1250 virtutum,
935 1180 1057 1259 ipse
1083 1189 1170 1241 est
1194 1201 1304 1242 rex
1327 1179 1550 1260 gloriae.

380 1267 505 1340 Quo
532 1271 700 1347 dicto,
730 1274 889 1332 dicat
914 1276 1223 1353 episcopus,
1249 1276 1490 1355 Aperite
1518 1283 1740 1354 portas,

371 1364 522 1424 Mox
547 1366 823 1428 diaconus
849 1370 1077 1448 aperiat
1100 1372 1326 1444 ostiam,
1360 1379 1411 1430 et
1441 1379 1746 1451 antequam
1772 1369 2059 1448 episcopus
2085 1367 2276 1441 intret,
2303 1363 2477 1423 dicat.

383 1458 712 1528 Dominus
740 1465 1099 1532 vobiscum.

382 1562 476 1629 Et
506 1586 652 1629 cum
685 1566 945 1652 spiritu.

389 1665 690 1734 OremuS.

387 1768 674 1834 Domum
716 1771 909 1851 hanc,
952 1794 1349 1858 quaesumus,
1380 1773 1682 1852 Domine,
1730 1774 2093 1840 clementer
2133 1769 2503 1856 ingredere,
2548 1773 2621 1835 et

297 1871 372 1934 in
416 1876 682 1936 tuorum
726 1874 850 1939 tibi
881 1877 1190 1941 cordibus
1233 1876 1528 1940 fidelium
1573 1882 1961 1961 perpetuam
2007 1874 2336 1939 constitue
2376 1872 2623 1936 mansi-

299 1994 536 2049 onem3
583 1979 660 2041 ut
710 1976 902 2059 cujus
947 1978 1377 2043 aedificatione
1429 1979 1755 2057 consistit,
1801 1979 2003 2063 hujus
2045 1977 2166 2042 fiat-
2208 1975 2623 2042 habitatione

300 2075 643 2161 praeclara.
732 2080 862 2144 Per
890 2079 1268 2147 Dominum.

407 2177 485 2235 H
480 2200 547 2237 ac
593 2182 847 2240 oratione
886 2184 1088 2259 finita,
1134 2184 1496 2261 inyrediatur
1536 2183 1825 2262 episcopus
1871 2182 2175 2253 ecclesiam,
2230 2188 2454 2241 tantum
2493 2199 2622 2239 cwm

300 2272 463 2345 clerc,
493 2295 709 2333 crucem
735 2297 863 2335 cum
889 2278 1090 2336 veaeillo
1118 2279 1184 2336 in
1210 2299 1388 2336 manu
1407 2279 1633 2336 dextera
1652 2285 1870 2355 qestans
1887 2299 1913 2349 ;
1951 2276 2331 2335 sacerdotibus
2339 2274 2621 2352 feretrum

300 2388 430 2426 cum
456 2370 717 2447 reliquiis
754 2379 883 2429 ante
920 2374 1126 2432 ostium
1166 2374 1510 2446 tenentibus;
1551 2380 1603 2431 et
1642 2373 1830 2431 clauso
1865 2373 2023 2447 ostie,
2050 2370 2298 2449 incipiat
2336 2369 2623 2449 episcopus

302 2463 449 2533 hanc
477 2464 870 2542 antiphonam.

297 2611 2627 2719 Μωῑῆ

390 2767 532 2830 Pax
620 2768 768 2831 hu·
799 2769 860 2833 ic
918 2770 1059 2832 do·
1092 2792 1321 2833 --mu
1353 2770 1377 2832 i
1437 2775 1505 2834 et
1566 2770 1803 2834 omni·
1834 2770 1959 2834 bus
2017 2768 2134 2831 ha·
2135 2767 2233 2830 bi·
2236 2766 2467 2830 tanti·
2496 2765 2624 2829 bus

301 2915 2623 3126 ww

305 3074 376 3137 in
451 3095 549 3138 e·
622 3096 666 3138 a,
751 3096 883 3160 pax
1013 3076 1083 3139 in
1171 3097 1372 3162 --gre
1352 3077 1503 3140 -di-
1534 3098 1646 3140 en·
1652 3077 1763 3141 ti-
1792 3076 1919 3139 bus
2009 3081 2079 3139 et
2223 3095 2289 3138 e·
2291 3094 2468 3159 gre·
2499 3074 2625 3136 di-

307 3261 433 3298 -n
593 3280 715 3311 -
928 3247 1869 3347 Ι-ἱ--ι-’ΠΞ

312 3382 805 3448 en--ti-bus.
896 3384 1072 3448 Al·
1130 3422 1158 3433 -
1218 3383 1619 3448 -le--lu-
1677 3404 1843 3468 -ya.

400 3692 750 3758 Psalmus.
837 3692 1134 3758 Laetatus
1169 3714 1336 3758 sum.

402 3811 708 3872 Cantando
742 3811 1047 3901 psalmum,
1078 3811 1274 3888 faciat
1313 3812 1600 3890 episcopus
1632 3831 1761 3872 cam
1792 3817 1988 3871 sancta
2014 3832 2172 3871 cruce
2198 3812 2425 3889 siqnum
2452 3815 2634 3874 crucis

312 3907 380 3967 in
408 3905 764 3983 lonyitadine
780 3905 1105 3982 pavimenti
1130 3913 1180 3964 et
1206 3906 1273 3965 in
1302 3906 1627 3977 latitudine,
1660 3907 1921 3983 dicatque
1948 3907 2052 3965 ita.

409 3999 589 4067 Crux
621 3999 872 4064 Christi
916 4000 1211 4085 expellat
1238 4000 1393 4065 hinc
1437 4002 1736 4066 hostem:
1785 3992 1947 4065 crux
1979 3999 2228 4066 Christi
2274 4000 2639 4089 triumphet

318 4103 476 4168 hic
457 4125 526 4166 1n
560 4124 810 4167 aevum.
859 4123 1022 4168 crux
1054 4102 1307 4167 Christi
1338 4103 1652 4169 defendat
1680 4103 1788 4168 hic
1817 4109 2108 4169 oranteS.

393 4205 512 4264 His
553 4205 743 4279 dictis,
778 4207 930 4283 fiqat
971 4204 1255 4323 episcopus
1300 4227 1517 4266 crucem
1555 4226 1721 4264 suam
1761 4207 1827 4265 in
1866 4206 2051 4265 medio
2091 4206 2343 4278 ecclesiae,
2389 4208 2637 4267 canendo

318 4301 711 4379 antiphonam.

492 4396 685 4462 Pont.
718 4396 758 4463 7
