3117 5025
514 370 642 434 112
1034 374 1471 438 eamear-atio
1499 373 1756 437 altaris
1785 376 1932 438 eine
1964 375 2304 439 Ecclesia.

595 577 740 642 Pax
769 579 1014 641 tecum.

596 678 687 743 Et
715 700 864 743 cum
896 677 1138 764 spiritu
1166 683 1305 743 tuo.

585 779 668 837 Et
692 787 977 857 ‘repetatur
996 800 1104 857 pro
1131 780 1390 858 quolibet,
1415 777 1471 838 si
1487 778 1682 858 plures
1707 788 1858 841 sunt.

586 874 833 933 Interim
858 882 1079 934 cantent
1104 874 1298 933 clerici
1321 875 1716 952 antiphonam.

594 1160 894 1226 E·re-xit
919 1161 964 1227 J
967 1162 1163 1225 a-cob
1193 1159 1546 1245 la-pi-dem
1576 1160 1646 1224 in
1675 1160 2009 1227 ti-tu-lum
2053 1161 2341 1227 fundens
2372 1184 2412 1226 o
2444 1199 2472 1213 -
2503 1200 2530 1213 -
2561 1161 2626 1226 le
2660 1198 2687 1211 -
2718 1181 2833 1224 um

507 1323 956 1439 Ξ

510 1470 877 1555 de·su-per.

1350 1555 1944 1733 ᾖ

590 1764 682 1827 In
712 1771 1005 1843 tempore
1038 1760 1392 1836 Paschali,
1421 1758 1826 1846 al-le-lu-ya.

786 1896 1497 2028 Q

596 2057 722 2121 Pe.
809 2055 1020 2140 Quam
1049 2055 1118 2118 di
1147 2092 1176 2105 -
1204 2054 1429 2119 lec-ta.

598 2182 747 2226 cum
778 2159 1012 2225 Gloria
1040 2158 1226 2223 Patri
1255 2168 1321 2222 et
1350 2160 1495 2223 eine
1525 2158 1831 2224 Oremus.

595 2263 835 2340 Deum,
858 2261 1320 2327 universitatis
1343 2260 1670 2326 artificem
1691 2266 1763 2326 et
1782 2261 2119 2327 immensae
2142 2261 2343 2327 molis
2364 2260 2834 2328 admirabilem

509 2367 940 2442 conditorem,
986 2365 1238 2430 fratres
1295 2363 1645 2440 carissimi,
1706 2364 1980 2429 vocibus
2037 2363 2534 2431 exsultantibus
2594 2365 2832 2450 depre-

514 2489 759 2546 cemur,
789 2472 867 2533 ut
905 2466 1021 2552 qui
1049 2486 1171 2553 per
1213 2469 1432 2532 totum
1473 2464 1793 2530 mundum
1837 2465 2034 2530 fidem
2067 2466 2317 2552 sparsit
2363 2471 2433 2532 et
2477 2466 2837 2532 ecclesiam

512 2570 967 2657 congregavit,
988 2589 1182 2652 quam
1203 2567 1377 2654 lapis
1400 2568 1665 2632 excisus
1686 2568 1829 2632 sine
1852 2568 2160 2633 manibus
2178 2568 2487 2654 angulari
2510 2590 2840 2655 compage

515 2673 848 2749 solidavit,
893 2675 971 2735 ut
1012 2668 1359 2736 attolleret
1400 2675 1603 2754 caput
1644 2669 1716 2732 in
1760 2668 2016 2747 coelum,
2046 2690 2191 2753 quae
2233 2670 2317 2735 de
2360 2670 2524 2734 coelo
2571 2673 2842 2756 accepit

509 2778 1036 2850 fundamentum,
1081 2773 1296 2837 altare
1340 2774 1465 2837 hoc
1515 2772 1602 2837 ad
1645 2773 2116 2838 conficiendam
2168 2774 2238 2837 in
2285 2796 2364 2839 eo
2408 2775 2562 2839 vitae
2609 2796 2836 2842 sacra-

512 2883 745 2944 menta
768 2875 1206 2960 compositum
1227 2875 1328 2938 ita
1348 2874 1659 2939 crismate
1683 2874 1923 2939 divinae
1944 2875 2425 2940 benedictionis
2446 2877 2831 2961 perfundat,

507 2988 588 3048 ut
631 3002 832 3067 super
872 2980 1040 3043 illud
1091 2978 1497 3044 adorandam
1546 2978 1705 3042 Filii
1750 2979 1856 3043 sui
1897 2979 2189 3043 hostiam
2233 2981 2665 3061 beneq-dicat
2708 2982 2835 3045 im-

510 3084 820 3169 positam,
849 3083 996 3168 ipse
1041 3079 1366 3164 suscipiat
1407 3085 1888 3145 consecratam.
1978 3080 2083 3146 Sit
2122 3082 2230 3147 hic
2260 3083 2534 3147 victima
2577 3084 2834 3151 unitati

510 3186 902 3252 substantiae
946 3192 1017 3250 et
1057 3204 1492 3270 personarum
1535 3183 1855 3247 Trinitati
1897 3190 2099 3268 grata
2142 3190 2214 3249 et
2250 3185 2709 3270 acceptabilis,
2752 3196 2835 3254 ut

509 3292 634 3355 hoc
657 3289 894 3365 altare,
917 3288 1094 3372 quod
1114 3307 1236 3371 per
1263 3285 1753 3350 invocationem
1785 3286 2076 3350 nominis¹
2098 3288 2201 3351 sui
2232 3288 2301 3350 in
2325 3289 2578 3352 honore
2611 3293 2835 3356 sancti

510 3393 600 3458 N.
642 3392 752 3477 pio
798 3391 1180 3456 dedicamus
1224 3388 1459 3465 officio,
1488 3387 1847 3473 praesentia
1891 3408 2025 3452 suae
2069 3389 2480 3454 visitationis
2525 3391 2833 3460 illustret

508 3498 579 3559 et
621 3492 1141 3559 sanctificatione
1185 3490 1633 3570 bene-1⁴dicat,
1664 3495 1737 3553 et
1776 3496 2101 3574 perpetua
2138 3491 2626 3558 inhabitatione
2672 3517 2832 3579 pos-

511 3596 746 3660 sideat.
833 3595 960 3680 Qui
1004 3614 1178 3658 unus
1221 3594 1291 3657 in
1337 3593 1668 3658 Trinitate
1697 3593 1997 3676 perfecta
2038 3594 2208 3659 vivit
2251 3601 2322 3659 et
2349 3601 2594 3681 regnat
2637 3596 2830 3664 Deus

510 3717 630 3781 per
657 3696 881 3760 omnia
909 3695 1151 3760 saecula
1180 3695 1587 3760 saeculorum.
1676 3697 1913 3759 Amen.

589 3798 677 3857 Et
713 3819 927 3875 sempev·
948 3797 1201 3855 sacerdos
1231 3805 1594 3874 proeparatus
1602 3796 1798 3874 faciat
1836 3798 2126 3857 incensum
2140 3818 2251 3877 per
2288 3799 2595 3859 circuitum
2618 3802 2834 3864 altaris

506 3892 678 3951 donec
719 3892 1054 3949 consecratio
1087 3892 1361 3966 finiatur.
1450 3889 1833 3973 [Episcopus]
1876 3914 2004 3952 vero
2042 3893 2111 3951 de
2152 3894 2341 3954 eodem
2380 3895 2515 3969 olea,
2558 3897 2677 3956 loco
2715 3919 2829 3976 quo

500 3987 693 4065 princ,
718 3985 982 4042 inchoata
1008 3985 1339 4062 antiphona,
1366 3984 1547 4045 Mane
1575 4006 1838 4067 surgens,
1864 3995 2081 4065 unquat
2108 3988 2378 4066 lapidem,
2405 3990 2615 4050 dicem.

590 4075 1064 4151 Oonsefflcrare
1086 4085 1153 4143 et
1175 4078 1659 4152 sancti-1⁴ficare
1679 4082 1995 4168 digneris,
2008 4082 2290 4149 Domine
2309 4084 2515 4163 Deus,
2533 4086 2828 4172 lapidem

500 4183 709 4246 istum
751 4201 872 4264 per
912 4180 1114 4245 istam
1157 4182 1537 4247 unctionem
1584 4189 1654 4249 et
1695 4191 1998 4251 nostram
2043 4183 2654 4263 bene-kdictionem
2701 4214 2827 4276 per

503 4283 840 4347 Christum
872 4279 1227 4347 Dominum
1260 4291 1582 4349 nostrum.
