<?xml version="1.0" encoding="UTF-8"?>
<!DOCTYPE html PUBLIC "-//W3C//DTD XHTML 1.0 Transitional//EN"
    "http://www.w3.org/TR/xhtml1/DTD/xhtml1-transitional.dtd">
<html xmlns="http://www.w3.org/1999/xhtml" xml:lang="en" lang="en">
 <head>
  <title>
</title>
<meta http-equiv="Content-Type" content="text/html;charset=utf-8" />
  <meta name='ocr-system' content='tesseract 3.04.00' />
  <meta name='ocr-capabilities' content='ocr_page ocr_carea ocr_par ocr_line ocrx_word'/>
</head>
<body>
  <div class='ocr_page' id='page_1' title='image "./liberpontifical00hendgoog_0254.png"; bbox 0 0 3117 5025; ppageno 0'>
   <div class='ocr_carea' id='block_1_1' title="bbox 494 416 1980 488">
    <p class='ocr_par' dir='ltr' id='par_1_1' title="bbox 494 416 1980 488">
     <span class='ocr_line' id='line_1_1' title="bbox 494 416 1980 488; baseline 0.002 -8"><span class='ocrx_word' id='word_1_1' title='bbox 494 416 625 482; x_wconf 86' lang='lat'><strong>202</strong></span> <span class='ocrx_word' id='word_1_2' title='bbox 1312 422 1401 486; x_wconf 85' lang='lat' dir='ltr'><strong>In</strong></span> <span class='ocrx_word' id='word_1_3' title='bbox 1439 419 1648 488; x_wconf 71' lang='lat' dir='ltr'><strong>Goem</strong></span> <span class='ocrx_word' id='word_1_4' title='bbox 1678 422 1980 486; x_wconf 79' lang='lat' dir='ltr'><strong><em>Domini.</em></strong></span> 
     </span>
    </p>
   </div>
   <div class='ocr_carea' id='block_1_2' title="bbox 494 624 2877 3996">
    <p class='ocr_par' dir='ltr' id='par_1_2' title="bbox 494 624 2829 1840">
     <span class='ocr_line' id='line_1_2' title="bbox 494 624 2818 712; baseline -0.001 -25"><span class='ocrx_word' id='word_1_5' title='bbox 494 624 836 709; x_wconf 75' lang='lat' dir='ltr'><strong>prophetae</strong></span> <span class='ocrx_word' id='word_1_6' title='bbox 883 644 1255 690; x_wconf 88' lang='lat' dir='ltr'><strong>sermonem</strong></span> <span class='ocrx_word' id='word_1_7' title='bbox 1303 627 1553 711; x_wconf 89' lang='lat' dir='ltr'><strong>septies</strong></span> <span class='ocrx_word' id='word_1_8' title='bbox 1596 627 1879 693; x_wconf 77' lang='lat' dir='ltr'><strong>tinctum</strong></span> <span class='ocrx_word' id='word_1_9' title='bbox 1925 649 1968 693; x_wconf 90' lang='lat' dir='ltr'><strong>a</strong></span> <span class='ocrx_word' id='word_1_10' title='bbox 1996 626 2189 712; x_wconf 87' lang='lat' dir='ltr'><strong>lepra</strong></span> <span class='ocrx_word' id='word_1_11' title='bbox 2233 624 2511 702; x_wconf 88' lang='lat' dir='ltr'><strong>sanasti,</strong></span> <span class='ocrx_word' id='word_1_12' title='bbox 2544 629 2622 688; x_wconf 89' lang='lat' dir='ltr'><strong>ut</strong></span> <span class='ocrx_word' id='word_1_13' title='bbox 2662 643 2818 687; x_wconf 83' lang='lat' dir='ltr'><strong>caro</strong></span> 
     </span>
     <span class='ocr_line' id='line_1_3' title="bbox 494 726 2817 814; baseline -0 -24"><span class='ocrx_word' id='word_1_14' title='bbox 494 726 644 809; x_wconf 90' lang='lat' dir='ltr'><strong>ejus</strong></span> <span class='ocrx_word' id='word_1_15' title='bbox 689 728 864 793; x_wconf 85' lang='lat' dir='ltr'><strong>sicut</strong></span> <span class='ocrx_word' id='word_1_16' title='bbox 893 749 1046 792; x_wconf 87' lang='lat' dir='ltr'><strong>caro</strong></span> <span class='ocrx_word' id='word_1_17' title='bbox 1091 729 1570 795; x_wconf 75' lang='lat' dir='ltr'><strong>restitueretur</strong></span> <span class='ocrx_word' id='word_1_18' title='bbox 1613 730 1843 814; x_wconf 80' lang='lat' dir='ltr'><strong>pueri3</strong></span> <span class='ocrx_word' id='word_1_19' title='bbox 1890 749 2291 813; x_wconf 77' lang='lat' dir='ltr'><strong>quaesumuS,</strong></span> <span class='ocrx_word' id='word_1_20' title='bbox 2323 733 2402 792; x_wconf 87' lang='lat' dir='ltr'><strong>ut</strong></span> <span class='ocrx_word' id='word_1_21' title='bbox 2444 729 2571 791; x_wconf 92' lang='lat' dir='ltr'><strong>hoc</strong></span> <span class='ocrx_word' id='word_1_22' title='bbox 2615 728 2817 791; x_wconf 88' lang='lat' dir='ltr'><strong>bene-</strong></span> 
     </span>
     <span class='ocr_line' id='line_1_4' title="bbox 496 828 2822 916; baseline -0 -25"><span class='ocrx_word' id='word_1_23' title='bbox 496 828 777 894; x_wconf 88' lang='lat' dir='ltr'><strong>dicendo</strong></span> <span class='ocrx_word' id='word_1_24' title='bbox 809 831 1183 897; x_wconf 87' lang='lat' dir='ltr'><strong>sanctifices</strong></span> <span class='ocrx_word' id='word_1_25' title='bbox 1214 830 1457 907; x_wconf 88' lang='lat' dir='ltr'><strong>oleum,</strong></span> <span class='ocrx_word' id='word_1_26' title='bbox 1489 836 1568 896; x_wconf 87' lang='lat' dir='ltr'><strong>ut</strong></span> <span class='ocrx_word' id='word_1_27' title='bbox 1597 832 1689 897; x_wconf 88' lang='lat' dir='ltr'><strong>sit</strong></span> <span class='ocrx_word' id='word_1_28' title='bbox 1717 831 2018 916; x_wconf 86' lang='lat' dir='ltr'><strong>perfecta</strong></span> <span class='ocrx_word' id='word_1_29' title='bbox 2045 831 2376 895; x_wconf 88' lang='lat' dir='ltr'><strong>medicina</strong></span> <span class='ocrx_word' id='word_1_30' title='bbox 2403 829 2822 893; x_wconf 79' lang='lat' dir='ltr'><strong>intirmorum</strong></span> 
     </span>
     <span class='ocr_line' id='line_1_5' title="bbox 500 930 2819 1020; baseline -0.001 -26"><span class='ocrx_word' id='word_1_31' title='bbox 500 935 571 995; x_wconf 86' lang='lat' dir='ltr'><strong>ct</strong></span> <span class='ocrx_word' id='word_1_32' title='bbox 620 930 823 1016; x_wconf 89' lang='lat' dir='ltr'><strong>plena</strong></span> <span class='ocrx_word' id='word_1_33' title='bbox 872 933 1181 998; x_wconf 89' lang='lat' dir='ltr'><strong>omnibus</strong></span> <span class='ocrx_word' id='word_1_34' title='bbox 1234 954 1317 997; x_wconf 86' lang='lat' dir='ltr'><strong>ex</strong></span> <span class='ocrx_word' id='word_1_35' title='bbox 1376 935 1502 999; x_wconf 92' lang='lat' dir='ltr'><strong>hoc</strong></span> <span class='ocrx_word' id='word_1_36' title='bbox 1559 933 1943 1020; x_wconf 87' lang='lat' dir='ltr'><strong>unguendis</strong></span> <span class='ocrx_word' id='word_1_37' title='bbox 2004 934 2313 998; x_wconf 79' lang='lat' dir='ltr'><strong>remissio</strong></span> <span class='ocrx_word' id='word_1_38' title='bbox 2368 937 2819 1016; x_wconf 83' lang='lat' dir='ltr'><strong>peccatorum.</strong></span> 
     </span>
     <span class='ocr_line' id='line_1_6' title="bbox 500 1032 2822 1112; baseline -0.001 -15"><span class='ocrx_word' id='word_1_39' title='bbox 500 1032 675 1110; x_wconf 89' lang='lat' dir='ltr'><strong>Fiat,</strong></span> <span class='ocrx_word' id='word_1_40' title='bbox 734 1033 1041 1111; x_wconf 89' lang='lat' dir='ltr'><strong>Domine,</strong></span> <span class='ocrx_word' id='word_1_41' title='bbox 1100 1035 1224 1100; x_wconf 94' lang='lat' dir='ltr'><strong>hoc</strong></span> <span class='ocrx_word' id='word_1_42' title='bbox 1285 1034 1524 1112; x_wconf 89' lang='lat' dir='ltr'><strong>oleum,</strong></span> <span class='ocrx_word' id='word_1_43' title='bbox 1584 1041 1653 1103; x_wconf 88' lang='lat' dir='ltr'><strong>te</strong></span> <span class='ocrx_word' id='word_1_44' title='bbox 1712 1035 2166 1111; x_wconf 78' lang='lat' dir='ltr'><strong>benedicente,</strong></span> <span class='ocrx_word' id='word_1_45' title='bbox 2228 1035 2534 1101; x_wconf 90' lang='lat' dir='ltr'><strong>omnibus</strong></span> <span class='ocrx_word' id='word_1_46' title='bbox 2593 1032 2822 1096; x_wconf 90' lang='lat' dir='ltr'><strong>unctio</strong></span> 
     </span>
     <span class='ocr_line' id='line_1_7' title="bbox 500 1134 2826 1222; baseline -0.001 -23"><span class='ocrx_word' id='word_1_47' title='bbox 500 1136 873 1220; x_wconf 88' lang='lat' dir='ltr'><strong>spiritualis</strong></span> <span class='ocrx_word' id='word_1_48' title='bbox 895 1138 980 1202; x_wconf 88' lang='lat' dir='ltr'><strong>ad</strong></span> <span class='ocrx_word' id='word_1_49' title='bbox 1014 1137 1542 1222; x_wconf 85' lang='lat' dir='ltr'><strong>purificationem</strong></span> <span class='ocrx_word' id='word_1_50' title='bbox 1565 1139 1812 1203; x_wconf 88' lang='lat' dir='ltr'><strong>mentis</strong></span> <span class='ocrx_word' id='word_1_51' title='bbox 1836 1144 1907 1203; x_wconf 90' lang='lat' dir='ltr'><strong>et</strong></span> <span class='ocrx_word' id='word_1_52' title='bbox 1936 1137 2254 1221; x_wconf 88' lang='lat' dir='ltr'><strong>corporis,</strong></span> <span class='ocrx_word' id='word_1_53' title='bbox 2278 1136 2361 1200; x_wconf 87' lang='lat' dir='ltr'><strong>ad</strong></span> <span class='ocrx_word' id='word_1_54' title='bbox 2392 1134 2826 1219; x_wconf 89' lang='lat' dir='ltr'><strong>depellendos</strong></span> 
     </span>
     <span class='ocr_line' id='line_1_8' title="bbox 505 1237 2826 1325; baseline -0.001 -24"><span class='ocrx_word' id='word_1_55' title='bbox 505 1237 888 1324; x_wconf 87' lang='lat' dir='ltr'><strong>languores,</strong></span> <span class='ocrx_word' id='word_1_56' title='bbox 950 1245 1017 1304; x_wconf 83' lang='lat' dir='ltr'><strong>et</strong></span> <span class='ocrx_word' id='word_1_57' title='bbox 1078 1240 1163 1305; x_wconf 95' lang='lat' dir='ltr'><strong>ad</strong></span> <span class='ocrx_word' id='word_1_58' title='bbox 1220 1241 1557 1305; x_wconf 83' lang='lat' dir='ltr'><strong>munimen</strong></span> <span class='ocrx_word' id='word_1_59' title='bbox 1619 1262 1879 1325; x_wconf 90' lang='lat' dir='ltr'><strong>quoque</strong></span> <span class='ocrx_word' id='word_1_60' title='bbox 1947 1245 2020 1305; x_wconf 88' lang='lat' dir='ltr'><strong>et</strong></span> <span class='ocrx_word' id='word_1_61' title='bbox 2077 1239 2528 1303; x_wconf 81' lang='lat' dir='ltr'><strong>defensionem</strong></span> <span class='ocrx_word' id='word_1_62' title='bbox 2585 1242 2826 1315; x_wconf 86' lang='lat' dir='ltr'><strong>contra</strong></span> 
     </span>
     <span class='ocr_line' id='line_1_9' title="bbox 498 1339 2822 1429; baseline -0.001 -24"><span class='ocrx_word' id='word_1_63' title='bbox 498 1339 728 1424; x_wconf 85' lang='lat' dir='ltr'><strong>jacula</strong></span> <span class='ocrx_word' id='word_1_64' title='bbox 785 1347 855 1407; x_wconf 84' lang='lat' dir='ltr'><strong>et</strong></span> <span class='ocrx_word' id='word_1_65' title='bbox 913 1342 1194 1408; x_wconf 87' lang='lat' dir='ltr'><strong>insidias</strong></span> <span class='ocrx_word' id='word_1_66' title='bbox 1250 1343 1741 1407; x_wconf 89' lang='lat' dir='ltr'><strong>immundorum</strong></span> <span class='ocrx_word' id='word_1_67' title='bbox 1804 1343 2197 1429; x_wconf 74' lang='lat' dir='ltr'><strong>spirituum:</strong></span> <span class='ocrx_word' id='word_1_68' title='bbox 2258 1348 2464 1425; x_wconf 86' lang='lat' dir='ltr'><strong>atque</strong></span> <span class='ocrx_word' id='word_1_69' title='bbox 2523 1339 2822 1403; x_wconf 86' lang='lat' dir='ltr'><strong>omnium</strong></span> 
     </span>
     <span class='ocr_line' id='line_1_10' title="bbox 502 1445 2824 1531; baseline -0.001 -22"><span class='ocrx_word' id='word_1_70' title='bbox 502 1465 783 1531; x_wconf 88' lang='lat' dir='ltr'><strong>corpora</strong></span> <span class='ocrx_word' id='word_1_71' title='bbox 810 1445 1013 1529; x_wconf 86' lang='lat' dir='ltr'><strong>hujus</strong></span> <span class='ocrx_word' id='word_1_72' title='bbox 1044 1445 1175 1511; x_wconf 88' lang='lat' dir='ltr'><strong>olei</strong></span> <span class='ocrx_word' id='word_1_73' title='bbox 1218 1446 1477 1530; x_wconf 90' lang='lat' dir='ltr'><strong>liquore</strong></span> <span class='ocrx_word' id='word_1_74' title='bbox 1506 1446 1576 1509; x_wconf 91' lang='lat' dir='ltr'><strong>in</strong></span> <span class='ocrx_word' id='word_1_75' title='bbox 1615 1451 1735 1512; x_wconf 89' lang='lat' dir='ltr'><strong>tuo</strong></span> <span class='ocrx_word' id='word_1_76' title='bbox 1780 1446 2044 1512; x_wconf 88' lang='lat' dir='ltr'><strong>nomine</strong></span> <span class='ocrx_word' id='word_1_77' title='bbox 2075 1450 2422 1530; x_wconf 86' lang='lat' dir='ltr'><strong>peruncta,</strong></span> <span class='ocrx_word' id='word_1_78' title='bbox 2454 1466 2496 1508; x_wconf 98' lang='lat' dir='ltr'><strong>a</strong></span> <span class='ocrx_word' id='word_1_79' title='bbox 2537 1448 2824 1509; x_wconf 74' lang='lat' dir='ltr'><strong>terrenae</strong></span> 
     </span>
     <span class='ocr_line' id='line_1_11' title="bbox 502 1546 2827 1634; baseline -0.002 -21"><span class='ocrx_word' id='word_1_80' title='bbox 502 1549 948 1634; x_wconf 82' lang='lat' dir='ltr'><strong>corruptionis</strong></span> <span class='ocrx_word' id='word_1_81' title='bbox 993 1549 1386 1634; x_wconf 79' lang='lat' dir='ltr'><strong>contagione</strong></span> <span class='ocrx_word' id='word_1_82' title='bbox 1431 1548 1863 1614; x_wconf 82' lang='lat' dir='ltr'><strong>immaculata</strong></span> <span class='ocrx_word' id='word_1_83' title='bbox 1906 1570 2056 1613; x_wconf 91' lang='lat' dir='ltr'><strong>cum</strong></span> <span class='ocrx_word' id='word_1_84' title='bbox 2102 1549 2453 1613; x_wconf 79' lang='lat' dir='ltr'><strong>animabus</strong></span> <span class='ocrx_word' id='word_1_85' title='bbox 2499 1546 2827 1610; x_wconf 84' lang='lat' dir='ltr'><strong>vivificari</strong></span> 
     </span>
     <span class='ocr_line' id='line_1_12' title="bbox 504 1650 2829 1737; baseline -0 -24"><span class='ocrx_word' id='word_1_86' title='bbox 504 1656 908 1727; x_wconf 88' lang='lat' dir='ltr'><strong>mereantur,</strong></span> <span class='ocrx_word' id='word_1_87' title='bbox 934 1653 1288 1717; x_wconf 81' lang='lat' dir='ltr'><strong>consortiis</strong></span> <span class='ocrx_word' id='word_1_88' title='bbox 1320 1657 1702 1716; x_wconf 90' lang='lat' dir='ltr'><strong>sanctorum</strong></span> <span class='ocrx_word' id='word_1_89' title='bbox 1728 1653 2043 1717; x_wconf 85' lang='lat' dir='ltr'><strong>socianda</strong></span> <span class='ocrx_word' id='word_1_90' title='bbox 2073 1673 2194 1737; x_wconf 86' lang='lat' dir='ltr'><strong>per</strong></span> <span class='ocrx_word' id='word_1_91' title='bbox 2224 1656 2314 1727; x_wconf 89' lang='lat' dir='ltr'><strong>tc,</strong></span> <span class='ocrx_word' id='word_1_92' title='bbox 2339 1650 2605 1715; x_wconf 86' lang='lat' dir='ltr'><strong>Christe</strong></span> <span class='ocrx_word' id='word_1_93' title='bbox 2635 1650 2677 1713; x_wconf 87' lang='lat' dir='ltr'><strong>J</strong></span> <span class='ocrx_word' id='word_1_94' title='bbox 2680 1670 2829 1725; x_wconf 91' lang='lat' dir='ltr'><strong>esu,</strong></span> 
     </span>
     <span class='ocr_line' id='line_1_13' title="bbox 508 1755 2715 1840; baseline -0.001 -20"><span class='ocrx_word' id='word_1_95' title='bbox 508 1755 821 1820; x_wconf 81' lang='lat' dir='ltr'><strong>Salvator</strong></span> <span class='ocrx_word' id='word_1_96' title='bbox 850 1755 1100 1832; x_wconf 79' lang='lat' dir='ltr'><strong>mundi,</strong></span> <span class='ocrx_word' id='word_1_97' title='bbox 1133 1755 1247 1840; x_wconf 89' lang='lat' dir='ltr'><strong>qui</strong></span> <span class='ocrx_word' id='word_1_98' title='bbox 1280 1761 1607 1821; x_wconf 88' lang='lat' dir='ltr'><strong>venturus</strong></span> <span class='ocrx_word' id='word_1_99' title='bbox 1638 1777 1712 1820; x_wconf 88' lang='lat' dir='ltr'><strong>es</strong></span> <span class='ocrx_word' id='word_1_100' title='bbox 1733 1757 2038 1840; x_wconf 78' lang='lat' dir='ltr'><strong>judicare</strong></span> <span class='ocrx_word' id='word_1_101' title='bbox 2071 1757 2260 1820; x_wconf 83' lang='lat' dir='ltr'><strong>vivos</strong></span> <span class='ocrx_word' id='word_1_102' title='bbox 2292 1761 2361 1820; x_wconf 86' lang='lat' dir='ltr'><strong>et</strong></span> <span class='ocrx_word' id='word_1_103' title='bbox 2390 1759 2715 1819; x_wconf 87' lang='lat' dir='ltr'><strong>mortuos.</strong></span> 
     </span>
    </p>

    <p class='ocr_par' dir='ltr' id='par_1_3' title="bbox 502 1857 2877 3996">
     <span class='ocr_line' id='line_1_14' title="bbox 628 1857 2831 1942; baseline -0 -20"><span class='ocrx_word' id='word_1_104' title='bbox 628 1857 900 1935; x_wconf 89' lang='lat' dir='ltr'><strong>Emitte,</strong></span> <span class='ocrx_word' id='word_1_105' title='bbox 969 1879 1365 1942; x_wconf 71' lang='lat' dir='ltr'><strong>quaesumus,</strong></span> <span class='ocrx_word' id='word_1_106' title='bbox 1434 1858 1739 1937; x_wconf 90' lang='lat' dir='ltr'><strong>Domine,</strong></span> <span class='ocrx_word' id='word_1_107' title='bbox 1808 1866 2038 1926; x_wconf 89' lang='lat' dir='ltr'><strong>sancte</strong></span> <span class='ocrx_word' id='word_1_108' title='bbox 2115 1861 2340 1935; x_wconf 86' lang='lat' dir='ltr'><strong>Pater,</strong></span> <span class='ocrx_word' id='word_1_109' title='bbox 2405 1859 2831 1942; x_wconf 81' lang='lat' dir='ltr'><strong>omnipotens</strong></span> 
     </span>
     <span class='ocr_line' id='line_1_15' title="bbox 506 1959 2877 2045; baseline -0.001 -19"><span class='ocrx_word' id='word_1_110' title='bbox 506 1965 751 2026; x_wconf 82' lang='lat' dir='ltr'><strong>aeterne</strong></span> <span class='ocrx_word' id='word_1_111' title='bbox 781 1959 989 2037; x_wconf 90' lang='lat' dir='ltr'><strong>Deus,</strong></span> <span class='ocrx_word' id='word_1_112' title='bbox 1022 1960 1343 2045; x_wconf 87' lang='lat' dir='ltr'><strong>Spiritum</strong></span> <span class='ocrx_word' id='word_1_113' title='bbox 1376 1960 1716 2039; x_wconf 89' lang='lat' dir='ltr'><strong>Sanctum,</strong></span> <span class='ocrx_word' id='word_1_114' title='bbox 1744 1962 2152 2027; x_wconf 89' lang='lat' dir='ltr'><strong>Paraclitum</strong></span> <span class='ocrx_word' id='word_1_115' title='bbox 2188 1968 2399 2037; x_wconf 89' lang='lat' dir='ltr'><strong>tuum,</strong></span> <span class='ocrx_word' id='word_1_116' title='bbox 2430 1960 2512 2026; x_wconf 92' lang='lat' dir='ltr'><strong>de</strong></span> <span class='ocrx_word' id='word_1_117' title='bbox 2542 1961 2725 2024; x_wconf 87' lang='lat' dir='ltr'><strong>coelis</strong></span> <span class='ocrx_word' id='word_1_118' title='bbox 2754 1961 2828 2023; x_wconf 88' lang='lat' dir='ltr'><strong>in</strong></span> <span class='ocrx_word' id='word_1_119' title='bbox 2868 2007 2877 2012; x_wconf 77' lang='grc'><strong>-</strong></span> 
     </span>
     <span class='ocr_line' id='line_1_16' title="bbox 508 2062 2831 2151; baseline 0 -25"><span class='ocrx_word' id='word_1_120' title='bbox 508 2063 679 2128; x_wconf 87' lang='lat' dir='ltr'><strong>hanc</strong></span> <span class='ocrx_word' id='word_1_121' title='bbox 702 2062 1168 2148; x_wconf 83' lang='lat' dir='ltr'><strong>pinguedinem</strong></span> <span class='ocrx_word' id='word_1_122' title='bbox 1193 2064 1403 2141; x_wconf 85' lang='lat' dir='ltr'><strong>olivae,</strong></span> <span class='ocrx_word' id='word_1_123' title='bbox 1428 2084 1628 2147; x_wconf 89' lang='lat' dir='ltr'><strong>quam</strong></span> <span class='ocrx_word' id='word_1_124' title='bbox 1657 2065 1739 2128; x_wconf 89' lang='lat' dir='ltr'><strong>de</strong></span> <span class='ocrx_word' id='word_1_125' title='bbox 1763 2065 1950 2130; x_wconf 89' lang='lat' dir='ltr'><strong>viridi</strong></span> <span class='ocrx_word' id='word_1_126' title='bbox 1976 2064 2317 2151; x_wconf 87' lang='lat' dir='ltr'><strong>[dignatus</strong></span> <span class='ocrx_word' id='word_1_127' title='bbox 2340 2068 2441 2150; x_wconf 88' lang='lat' dir='ltr'><strong>es]</strong></span> <span class='ocrx_word' id='word_1_128' title='bbox 2463 2064 2831 2149; x_wconf 88' lang='lat' dir='ltr'><strong>producere</strong></span> 
     </span>
     <span class='ocr_line' id='line_1_17' title="bbox 509 2158 2829 2251; baseline 0 -22"><span class='ocrx_word' id='word_1_129' title='bbox 509 2166 730 2251; x_wconf 89' lang='lat' dir='ltr'><strong>ligno;</strong></span> <span class='ocrx_word' id='word_1_130' title='bbox 791 2187 870 2231; x_wconf 90' lang='lat' dir='ltr'><strong>ac</strong></span> <span class='ocrx_word' id='word_1_131' title='bbox 932 2165 1223 2250; x_wconf 88' lang='lat' dir='ltr'><strong>Spiritus</strong></span> <span class='ocrx_word' id='word_1_132' title='bbox 1287 2166 1517 2232; x_wconf 87' lang='lat' dir='ltr'><strong>Sancti</strong></span> <span class='ocrx_word' id='word_1_133' title='bbox 1577 2167 1934 2251; x_wconf 85' lang='lat' dir='ltr'><strong>praesentia</strong></span> <span class='ocrx_word' id='word_1_134' title='bbox 1990 2168 2330 2244; x_wconf 86' lang='lat' dir='ltr'><strong>influente,</strong></span> <span class='ocrx_word' id='word_1_135' title='bbox 2391 2167 2645 2232; x_wconf 82' lang='lat' dir='ltr'><strong>coelesti</strong></span> <span class='ocrx_word' id='word_1_136' title='bbox 2700 2158 2829 2229; x_wconf 87' lang='lat' dir='ltr'><strong>im·-</strong></span> 
     </span>
     <span class='ocr_line' id='line_1_18' title="bbox 508 2266 2831 2354; baseline 0 -23"><span class='ocrx_word' id='word_1_137' title='bbox 508 2268 871 2354; x_wconf 86' lang='lat' dir='ltr'><strong>pinguetur</strong></span> <span class='ocrx_word' id='word_1_138' title='bbox 897 2266 1437 2346; x_wconf 60' lang='lat' dir='ltr'><strong>beneffldictione</strong></span> <span class='ocrx_word' id='word_1_139' title='bbox 1467 2269 1554 2333; x_wconf 91' lang='lat' dir='ltr'><strong>ad</strong></span> <span class='ocrx_word' id='word_1_140' title='bbox 1597 2269 2026 2334; x_wconf 88' lang='lat' dir='ltr'><strong>refectionem</strong></span> <span class='ocrx_word' id='word_1_141' title='bbox 2056 2290 2405 2354; x_wconf 84' lang='lat' dir='ltr'><strong>corporum</strong></span> <span class='ocrx_word' id='word_1_142' title='bbox 2450 2275 2520 2335; x_wconf 91' lang='lat' dir='ltr'><strong>et</strong></span> <span class='ocrx_word' id='word_1_143' title='bbox 2550 2268 2831 2334; x_wconf 83' lang='lat' dir='ltr'><strong>salvati-</strong></span> 
     </span>
     <span class='ocr_line' id='line_1_19' title="bbox 510 2371 2832 2457; baseline 0 -22"><span class='ocrx_word' id='word_1_144' title='bbox 510 2392 703 2435; x_wconf 89' lang='lat' dir='ltr'><strong>onem</strong></span> <span class='ocrx_word' id='word_1_145' title='bbox 731 2371 1126 2436; x_wconf 88' lang='lat' dir='ltr'><strong>animarum.</strong></span> <span class='ocrx_word' id='word_1_146' title='bbox 1214 2371 1554 2456; x_wconf 83' lang='lat' dir='ltr'><strong>Rogamus</strong></span> <span class='ocrx_word' id='word_1_147' title='bbox 1600 2377 1688 2449; x_wconf 90' lang='lat' dir='ltr'><strong>te,</strong></span> <span class='ocrx_word' id='word_1_148' title='bbox 1720 2372 2023 2450; x_wconf 89' lang='lat' dir='ltr'><strong>Domine,</strong></span> <span class='ocrx_word' id='word_1_149' title='bbox 2055 2373 2167 2457; x_wconf 88' lang='lat' dir='ltr'><strong>qui</strong></span> <span class='ocrx_word' id='word_1_150' title='bbox 2215 2394 2288 2437; x_wconf 88' lang='lat' dir='ltr'><strong>es</strong></span> <span class='ocrx_word' id='word_1_151' title='bbox 2325 2394 2487 2438; x_wconf 88' lang='lat' dir='ltr'><strong>vera</strong></span> <span class='ocrx_word' id='word_1_152' title='bbox 2517 2372 2702 2437; x_wconf 90' lang='lat' dir='ltr'><strong>salus</strong></span> <span class='ocrx_word' id='word_1_153' title='bbox 2746 2393 2832 2436; x_wconf 84' lang='lat' dir='ltr'><strong>ac</strong></span> 
     </span>
     <span class='ocr_line' id='line_1_20' title="bbox 511 2473 2836 2559; baseline 0 -20"><span class='ocrx_word' id='word_1_154' title='bbox 511 2474 858 2552; x_wconf 89' lang='lat' dir='ltr'><strong>medicina,</strong></span> <span class='ocrx_word' id='word_1_155' title='bbox 905 2474 1020 2558; x_wconf 88' lang='lat' dir='ltr'><strong>qui</strong></span> <span class='ocrx_word' id='word_1_156' title='bbox 1065 2479 1137 2540; x_wconf 89' lang='lat' dir='ltr'><strong>et</strong></span> <span class='ocrx_word' id='word_1_157' title='bbox 1178 2473 1429 2552; x_wconf 88' lang='lat' dir='ltr'><strong>dixisti,</strong></span> <span class='ocrx_word' id='word_1_158' title='bbox 1476 2475 1813 2540; x_wconf 89' lang='lat' dir='ltr'><strong>Medicum</strong></span> <span class='ocrx_word' id='word_1_159' title='bbox 1859 2495 1989 2541; x_wconf 88' lang='lat' dir='ltr'><strong>non</strong></span> <span class='ocrx_word' id='word_1_160' title='bbox 2035 2495 2203 2559; x_wconf 92' lang='lat' dir='ltr'><strong>opus</strong></span> <span class='ocrx_word' id='word_1_161' title='bbox 2254 2495 2404 2540; x_wconf 90' lang='lat' dir='ltr'><strong>esse</strong></span> <span class='ocrx_word' id='word_1_162' title='bbox 2449 2474 2836 2540; x_wconf 83' lang='lat' dir='ltr'><strong>valentibus</strong></span> 
     </span>
     <span class='ocr_line' id='line_1_21' title="bbox 510 2577 2834 2663; baseline 0 -21"><span class='ocrx_word' id='word_1_163' title='bbox 510 2577 626 2642; x_wconf 90' lang='lat' dir='ltr'><strong>sed</strong></span> <span class='ocrx_word' id='word_1_164' title='bbox 657 2578 831 2642; x_wconf 89' lang='lat' dir='ltr'><strong>male</strong></span> <span class='ocrx_word' id='word_1_165' title='bbox 855 2577 1293 2654; x_wconf 86' lang='lat' dir='ltr'><strong>habentibus3</strong></span> <span class='ocrx_word' id='word_1_166' title='bbox 1339 2583 1418 2643; x_wconf 89' lang='lat' dir='ltr'><strong>ut</strong></span> <span class='ocrx_word' id='word_1_167' title='bbox 1446 2599 1566 2663; x_wconf 91' lang='lat' dir='ltr'><strong>pro</strong></span> <span class='ocrx_word' id='word_1_168' title='bbox 1589 2579 1781 2644; x_wconf 89' lang='lat' dir='ltr'><strong>nobis</strong></span> <span class='ocrx_word' id='word_1_169' title='bbox 1810 2579 2092 2643; x_wconf 89' lang='lat' dir='ltr'><strong>infirmis</strong></span> <span class='ocrx_word' id='word_1_170' title='bbox 2114 2585 2185 2644; x_wconf 87' lang='lat' dir='ltr'><strong>et</strong></span> <span class='ocrx_word' id='word_1_171' title='bbox 2204 2578 2440 2642; x_wconf 81' lang='lat' dir='ltr'><strong>divinae</strong></span> <span class='ocrx_word' id='word_1_172' title='bbox 2462 2578 2834 2643; x_wconf 88' lang='lat' dir='ltr'><strong>curationis</strong></span> 
     </span>
     <span class='ocr_line' id='line_1_22' title="bbox 509 2679 2832 2765; baseline 0 -21"><span class='ocrx_word' id='word_1_173' title='bbox 509 2685 638 2744; x_wconf 82' lang='lat' dir='ltr'><strong>tuae</strong></span> <span class='ocrx_word' id='word_1_174' title='bbox 671 2700 795 2764; x_wconf 91' lang='lat' dir='ltr'><strong>ope</strong></span> <span class='ocrx_word' id='word_1_175' title='bbox 826 2680 1180 2765; x_wconf 84' lang='lat' dir='ltr'><strong>egentibus</strong></span> <span class='ocrx_word' id='word_1_176' title='bbox 1211 2700 1416 2764; x_wconf 88' lang='lat' dir='ltr'><strong>super</strong></span> <span class='ocrx_word' id='word_1_177' title='bbox 1458 2680 1586 2744; x_wconf 94' lang='lat' dir='ltr'><strong>hoc</strong></span> <span class='ocrx_word' id='word_1_178' title='bbox 1614 2680 1833 2744; x_wconf 90' lang='lat' dir='ltr'><strong>oleum</strong></span> <span class='ocrx_word' id='word_1_179' title='bbox 1861 2680 2175 2744; x_wconf 85' lang='lat' dir='ltr'><strong>infundas</strong></span> <span class='ocrx_word' id='word_1_180' title='bbox 2217 2679 2676 2745; x_wconf 89' lang='lat' dir='ltr'><strong>medicinalem</strong></span> <span class='ocrx_word' id='word_1_181' title='bbox 2704 2684 2832 2745; x_wconf 86' lang='lat' dir='ltr'><strong>tua</strong></span> 
     </span>
     <span class='ocr_line' id='line_1_23' title="bbox 509 2783 2829 2873; baseline -0 -26"><span class='ocrx_word' id='word_1_182' title='bbox 509 2783 1045 2864; x_wconf 58' lang='lat' dir='ltr'><strong>beneffidictione</strong></span> <span class='ocrx_word' id='word_1_183' title='bbox 1083 2783 1418 2859; x_wconf 84' lang='lat' dir='ltr'><strong>virtutem,</strong></span> <span class='ocrx_word' id='word_1_184' title='bbox 1449 2788 1529 2847; x_wconf 88' lang='lat' dir='ltr'><strong>ut</strong></span> <span class='ocrx_word' id='word_1_185' title='bbox 1558 2783 1649 2849; x_wconf 88' lang='lat' dir='ltr'><strong>sit</strong></span> <span class='ocrx_word' id='word_1_186' title='bbox 1678 2783 1984 2847; x_wconf 89' lang='lat' dir='ltr'><strong>omnibus</strong></span> <span class='ocrx_word' id='word_1_187' title='bbox 2013 2783 2139 2847; x_wconf 87' lang='lat' dir='ltr'><strong>hoc</strong></span> <span class='ocrx_word' id='word_1_188' title='bbox 2183 2783 2615 2873; x_wconf 85' lang='lat' dir='ltr'><strong>tangentibus</strong></span> <span class='ocrx_word' id='word_1_189' title='bbox 2644 2788 2714 2847; x_wconf 87' lang='lat' dir='ltr'><strong>et</strong></span> <span class='ocrx_word' id='word_1_190' title='bbox 2741 2804 2829 2846; x_wconf 85' lang='lat' dir='ltr'><strong>ex</strong></span> 
     </span>
     <span class='ocr_line' id='line_1_24' title="bbox 509 2885 2834 2971; baseline 0 -21"><span class='ocrx_word' id='word_1_191' title='bbox 509 2907 588 2951; x_wconf 88' lang='lat' dir='ltr'><strong>eo</strong></span> <span class='ocrx_word' id='word_1_192' title='bbox 617 2885 943 2971; x_wconf 85' lang='lat' dir='ltr'><strong>ungendis</strong></span> <span class='ocrx_word' id='word_1_193' title='bbox 969 2885 1154 2950; x_wconf 91' lang='lat' dir='ltr'><strong>salus</strong></span> <span class='ocrx_word' id='word_1_194' title='bbox 1184 2886 1576 2962; x_wconf 87' lang='lat' dir='ltr'><strong>animarum,</strong></span> <span class='ocrx_word' id='word_1_195' title='bbox 1601 2890 1904 2954; x_wconf 87' lang='lat' dir='ltr'><strong>tutamen</strong></span> <span class='ocrx_word' id='word_1_196' title='bbox 1927 2907 2271 2970; x_wconf 91' lang='lat' dir='ltr'><strong>corporum</strong></span> <span class='ocrx_word' id='word_1_197' title='bbox 2296 2909 2313 2961; x_wconf 91' lang='lat'>;</span> <span class='ocrx_word' id='word_1_198' title='bbox 2362 2886 2452 2950; x_wconf 86' lang='lat' dir='ltr'><strong>sit</strong></span> <span class='ocrx_word' id='word_1_199' title='bbox 2480 2886 2834 2951; x_wconf 84' lang='lat' dir='ltr'><strong>evacuatio</strong></span> 
     </span>
     <span class='ocr_line' id='line_1_25' title="bbox 508 2987 2834 3074; baseline 0.001 -22"><span class='ocrx_word' id='word_1_200' title='bbox 508 2987 891 3074; x_wconf 86' lang='lat' dir='ltr'><strong>passionum</strong></span> <span class='ocrx_word' id='word_1_201' title='bbox 914 2992 985 3052; x_wconf 89' lang='lat' dir='ltr'><strong>et</strong></span> <span class='ocrx_word' id='word_1_202' title='bbox 1006 2987 1402 3053; x_wconf 89' lang='lat' dir='ltr'><strong>salutarium</strong></span> <span class='ocrx_word' id='word_1_203' title='bbox 1423 2988 1764 3053; x_wconf 87' lang='lat' dir='ltr'><strong>restitutio</strong></span> <span class='ocrx_word' id='word_1_204' title='bbox 1790 2987 2176 3053; x_wconf 87' lang='lat' dir='ltr'><strong>sanitatum.</strong></span> <span class='ocrx_word' id='word_1_205' title='bbox 2268 2988 2391 3065; x_wconf 87' lang='lat' dir='ltr'><strong>Sit,</strong></span> <span class='ocrx_word' id='word_1_206' title='bbox 2409 2988 2834 3072; x_wconf 81' lang='lat' dir='ltr'><strong>omnipotens</strong></span> 
     </span>
     <span class='ocr_line' id='line_1_26' title="bbox 511 3090 2836 3179; baseline 0 -24"><span class='ocrx_word' id='word_1_207' title='bbox 511 3092 731 3168; x_wconf 89' lang='lat' dir='ltr'><strong>Pater,</strong></span> <span class='ocrx_word' id='word_1_208' title='bbox 763 3090 889 3155; x_wconf 91' lang='lat' dir='ltr'><strong>hoc</strong></span> <span class='ocrx_word' id='word_1_209' title='bbox 935 3090 1153 3154; x_wconf 88' lang='lat' dir='ltr'><strong>oleum</strong></span> <span class='ocrx_word' id='word_1_210' title='bbox 1200 3092 1792 3179; x_wconf 58' lang='lat' dir='ltr'><strong>sanctifflficatum,</strong></span> <span class='ocrx_word' id='word_1_211' title='bbox 1825 3091 2001 3156; x_wconf 91' lang='lat' dir='ltr'><strong>sicut</strong></span> <span class='ocrx_word' id='word_1_212' title='bbox 2042 3090 2306 3155; x_wconf 90' lang='lat' dir='ltr'><strong>locutus</strong></span> <span class='ocrx_word' id='word_1_213' title='bbox 2353 3112 2424 3155; x_wconf 89' lang='lat' dir='ltr'><strong>es</strong></span> <span class='ocrx_word' id='word_1_214' title='bbox 2469 3111 2590 3176; x_wconf 88' lang='lat' dir='ltr'><strong>per</strong></span> <span class='ocrx_word' id='word_1_215' title='bbox 2632 3112 2836 3174; x_wconf 86' lang='lat' dir='ltr'><strong>apos-</strong></span> 
     </span>
     <span class='ocr_line' id='line_1_27' title="bbox 502 3193 2831 3278; baseline -0.001 -19"><span class='ocrx_word' id='word_1_216' title='bbox 502 3194 753 3269; x_wconf 47' lang='lat' dir='ltr'><strong>tolum.;</strong></span> <span class='ocrx_word' id='word_1_217' title='bbox 802 3193 1190 3258; x_wconf 85' lang='lat' dir='ltr'><strong>Infirmatur</strong></span> <span class='ocrx_word' id='word_1_218' title='bbox 1219 3194 1369 3277; x_wconf 89' lang='lat' dir='ltr'><strong>quis</strong></span> <span class='ocrx_word' id='word_1_219' title='bbox 1415 3216 1497 3259; x_wconf 87' lang='lat' dir='ltr'><strong>ex</strong></span> <span class='ocrx_word' id='word_1_220' title='bbox 1528 3194 1719 3258; x_wconf 83' lang='lat' dir='ltr'><strong>vobis</strong></span> <span class='ocrx_word' id='word_1_221' title='bbox 1739 3217 1757 3270; x_wconf 78' lang='lat'>3</span> <span class='ocrx_word' id='word_1_222' title='bbox 1803 3198 2098 3278; x_wconf 87' lang='lat' dir='ltr'><strong>ungatur</strong></span> <span class='ocrx_word' id='word_1_223' title='bbox 2143 3194 2290 3258; x_wconf 89' lang='lat' dir='ltr'><strong>oleo</strong></span> <span class='ocrx_word' id='word_1_224' title='bbox 2321 3198 2707 3259; x_wconf 87' lang='lat' dir='ltr'><strong>consecrato</strong></span> <span class='ocrx_word' id='word_1_225' title='bbox 2751 3193 2831 3257; x_wconf 88' lang='lat' dir='ltr'><strong>in</strong></span> 
     </span>
     <span class='ocr_line' id='line_1_28' title="bbox 509 3296 2837 3382; baseline 0.001 -22"><span class='ocrx_word' id='word_1_226' title='bbox 509 3298 771 3361; x_wconf 88' lang='lat' dir='ltr'><strong>nomine</strong></span> <span class='ocrx_word' id='word_1_227' title='bbox 816 3296 1106 3374; x_wconf 90' lang='lat' dir='ltr'><strong>Domini,</strong></span> <span class='ocrx_word' id='word_1_228' title='bbox 1137 3301 1208 3362; x_wconf 88' lang='lat' dir='ltr'><strong>et</strong></span> <span class='ocrx_word' id='word_1_229' title='bbox 1249 3296 1598 3362; x_wconf 83' lang='lat' dir='ltr'><strong>alleviabit</strong></span> <span class='ocrx_word' id='word_1_230' title='bbox 1639 3318 1790 3361; x_wconf 91' lang='lat' dir='ltr'><strong>eum</strong></span> <span class='ocrx_word' id='word_1_231' title='bbox 1830 3296 2176 3374; x_wconf 90' lang='lat' dir='ltr'><strong>Dominus,</strong></span> <span class='ocrx_word' id='word_1_232' title='bbox 2209 3302 2280 3363; x_wconf 88' lang='lat' dir='ltr'><strong>et</strong></span> <span class='ocrx_word' id='word_1_233' title='bbox 2324 3298 2383 3362; x_wconf 89' lang='lat' dir='ltr'><strong>si</strong></span> <span class='ocrx_word' id='word_1_234' title='bbox 2428 3297 2495 3361; x_wconf 90' lang='lat' dir='ltr'><strong>in</strong></span> <span class='ocrx_word' id='word_1_235' title='bbox 2535 3299 2837 3382; x_wconf 86' lang='lat' dir='ltr'><strong>peccatis</strong></span> 
     </span>
     <span class='ocr_line' id='line_1_29' title="bbox 506 3399 2834 3485; baseline 0 -20"><span class='ocrx_word' id='word_1_236' title='bbox 506 3399 617 3479; x_wconf 88' lang='lat' dir='ltr'><strong>sit,</strong></span> <span class='ocrx_word' id='word_1_237' title='bbox 662 3400 1108 3477; x_wconf 88' lang='lat' dir='ltr'><strong>dimittentur,</strong></span> <span class='ocrx_word' id='word_1_238' title='bbox 1154 3399 1253 3478; x_wconf 84' lang='lat' dir='ltr'><strong>ei3</strong></span> <span class='ocrx_word' id='word_1_239' title='bbox 1300 3406 1634 3484; x_wconf 84' lang='lat' dir='ltr'><strong>quatenus</strong></span> <span class='ocrx_word' id='word_1_240' title='bbox 1686 3401 1812 3465; x_wconf 86' lang='lat' dir='ltr'><strong>hac</strong></span> <span class='ocrx_word' id='word_1_241' title='bbox 1856 3404 1997 3477; x_wconf 88' lang='lat' dir='ltr'><strong>tua,</strong></span> <span class='ocrx_word' id='word_1_242' title='bbox 2042 3399 2347 3477; x_wconf 89' lang='lat' dir='ltr'><strong>Domine,</strong></span> <span class='ocrx_word' id='word_1_243' title='bbox 2394 3401 2626 3465; x_wconf 89' lang='lat' dir='ltr'><strong>confisi</strong></span> <span class='ocrx_word' id='word_1_244' title='bbox 2671 3422 2834 3485; x_wconf 88' lang='lat' dir='ltr'><strong>pro-</strong></span> 
     </span>
     <span class='ocr_line' id='line_1_30' title="bbox 508 3502 2833 3587; baseline 0 -20"><span class='ocrx_word' id='word_1_245' title='bbox 508 3503 849 3579; x_wconf 83' lang='lat' dir='ltr'><strong>missione,</strong></span> <span class='ocrx_word' id='word_1_246' title='bbox 916 3523 1145 3567; x_wconf 89' lang='lat' dir='ltr'><strong>omnes</strong></span> <span class='ocrx_word' id='word_1_247' title='bbox 1210 3502 1380 3568; x_wconf 89' lang='lat' dir='ltr'><strong>illud</strong></span> <span class='ocrx_word' id='word_1_248' title='bbox 1445 3502 1856 3587; x_wconf 87' lang='lat' dir='ltr'><strong>excipiamus</strong></span> <span class='ocrx_word' id='word_1_249' title='bbox 1922 3502 1992 3566; x_wconf 88' lang='lat' dir='ltr'><strong>in</strong></span> <span class='ocrx_word' id='word_1_250' title='bbox 2059 3508 2324 3568; x_wconf 88' lang='lat' dir='ltr'><strong>sacrata</strong></span> <span class='ocrx_word' id='word_1_251' title='bbox 2395 3503 2833 3587; x_wconf 87' lang='lat' dir='ltr'><strong>perunctione</strong></span> 
     </span>
     <span class='ocr_line' id='line_1_31' title="bbox 505 3603 2829 3689; baseline -0 -18"><span class='ocrx_word' id='word_1_252' title='bbox 505 3605 878 3689; x_wconf 87' lang='lat' dir='ltr'><strong>spiritualis</strong></span> <span class='ocrx_word' id='word_1_253' title='bbox 930 3604 1269 3669; x_wconf 87' lang='lat' dir='ltr'><strong>medicinae</strong></span> <span class='ocrx_word' id='word_1_254' title='bbox 1322 3603 1408 3669; x_wconf 89' lang='lat' dir='ltr'><strong>ad</strong></span> <span class='ocrx_word' id='word_1_255' title='bbox 1456 3604 1849 3689; x_wconf 87' lang='lat' dir='ltr'><strong>effugandas</strong></span> <span class='ocrx_word' id='word_1_256' title='bbox 1893 3603 2343 3682; x_wconf 88' lang='lat' dir='ltr'><strong>infirmitates,</strong></span> <span class='ocrx_word' id='word_1_257' title='bbox 2389 3605 2473 3670; x_wconf 86' lang='lat' dir='ltr'><strong>ad</strong></span> <span class='ocrx_word' id='word_1_258' title='bbox 2527 3604 2829 3670; x_wconf 90' lang='lat' dir='ltr'><strong>omnium</strong></span> 
     </span>
     <span class='ocr_line' id='line_1_32' title="bbox 504 3706 2835 3792; baseline 0 -21"><span class='ocrx_word' id='word_1_259' title='bbox 504 3707 1019 3792; x_wconf 87' lang='lat' dir='ltr'><strong>promerendam</strong></span> <span class='ocrx_word' id='word_1_260' title='bbox 1092 3706 1553 3771; x_wconf 89' lang='lat' dir='ltr'><strong>remissionem</strong></span> <span class='ocrx_word' id='word_1_261' title='bbox 1627 3710 2074 3791; x_wconf 87' lang='lat' dir='ltr'><strong>peccatorum,</strong></span> <span class='ocrx_word' id='word_1_262' title='bbox 2167 3706 2249 3770; x_wconf 90' lang='lat' dir='ltr'><strong>In</strong></span> <span class='ocrx_word' id='word_1_263' title='bbox 2321 3708 2586 3771; x_wconf 89' lang='lat' dir='ltr'><strong>nomine</strong></span> <span class='ocrx_word' id='word_1_264' title='bbox 2659 3707 2706 3772; x_wconf 86' lang='lat' dir='ltr'><strong>J</strong></span> <span class='ocrx_word' id='word_1_265' title='bbox 2709 3729 2835 3773; x_wconf 87' lang='lat' dir='ltr'><strong>esu</strong></span> 
     </span>
     <span class='ocr_line' id='line_1_33' title="bbox 506 3807 2834 3894; baseline 0 -19"><span class='ocrx_word' id='word_1_266' title='bbox 506 3810 760 3875; x_wconf 81' lang='lat' dir='ltr'><strong>Christi</strong></span> <span class='ocrx_word' id='word_1_267' title='bbox 790 3807 946 3873; x_wconf 89' lang='lat' dir='ltr'><strong>Filii</strong></span> <span class='ocrx_word' id='word_1_268' title='bbox 976 3808 1078 3873; x_wconf 89' lang='lat' dir='ltr'><strong>tui</strong></span> <span class='ocrx_word' id='word_1_269' title='bbox 1114 3808 1381 3876; x_wconf 84' lang='lat' dir='ltr'><strong>Domini</strong></span> <span class='ocrx_word' id='word_1_270' title='bbox 1412 3808 1649 3886; x_wconf 89' lang='lat' dir='ltr'><strong>nostri,</strong></span> <span class='ocrx_word' id='word_1_271' title='bbox 1678 3830 1802 3894; x_wconf 88' lang='lat' dir='ltr'><strong>per</strong></span> <span class='ocrx_word' id='word_1_272' title='bbox 1843 3830 2040 3893; x_wconf 90' lang='lat' dir='ltr'><strong>quem</strong></span> <span class='ocrx_word' id='word_1_273' title='bbox 2070 3810 2209 3875; x_wconf 86' lang='lat' dir='ltr'><strong>haec</strong></span> <span class='ocrx_word' id='word_1_274' title='bbox 2250 3809 2490 3887; x_wconf 89' lang='lat' dir='ltr'><strong>omnia,</strong></span> <span class='ocrx_word' id='word_1_275' title='bbox 2520 3808 2834 3889; x_wconf 84' lang='lat' dir='ltr'><strong>Domine,</strong></span> 
     </span>
     <span class='ocr_line' id='line_1_34' title="bbox 505 3911 1215 3996; baseline -0.004 -20"><span class='ocrx_word' id='word_1_276' title='bbox 505 3931 768 3996; x_wconf 89' lang='lat' dir='ltr'><strong>semper</strong></span> <span class='ocrx_word' id='word_1_277' title='bbox 795 3911 972 3975; x_wconf 91' lang='lat' dir='ltr'><strong>bona</strong></span> <span class='ocrx_word' id='word_1_278' title='bbox 1002 3931 1215 3974; x_wconf 92' lang='lat' dir='ltr'><strong>creas.</strong></span> 
     </span>
    </p>
   </div>
   <div class='ocr_carea' id='block_1_3' title="bbox 580 4014 2833 4188">
    <p class='ocr_par' dir='ltr' id='par_1_4' title="bbox 580 4014 2833 4188">
     <span class='ocr_line' id='line_1_35' title="bbox 580 4014 2516 4093; baseline 0 -18"><span class='ocrx_word' id='word_1_279' title='bbox 580 4015 851 4092; x_wconf 65' lang='lat' dir='ltr'><strong>Deferens</strong></span> <span class='ocrx_word' id='word_1_280' title='bbox 879 4014 1220 4092; x_wconf 78' lang='lat' dir='ltr'><strong>ampullam,</strong></span> <span class='ocrx_word' id='word_1_281' title='bbox 1237 4014 1434 4091; x_wconf 82' lang='lat' dir='ltr'><strong>faciat</strong></span> <span class='ocrx_word' id='word_1_282' title='bbox 1461 4036 1686 4074; x_wconf 76' lang='lat' dir='ltr'><strong>moram</strong></span> <span class='ocrx_word' id='word_1_283' title='bbox 1713 4036 1887 4093; x_wconf 77' lang='lat' dir='ltr'><strong>usque</strong></span> <span class='ocrx_word' id='word_1_284' title='bbox 1903 4024 2035 4093; x_wconf 76' lang='lat' dir='ltr'><strong>post</strong></span> <span class='ocrx_word' id='word_1_285' title='bbox 2064 4015 2181 4076; x_wconf 87' lang='lat' dir='ltr'><strong>Per</strong></span> <span class='ocrx_word' id='word_1_286' title='bbox 2206 4015 2516 4076; x_wconf 49' lang='lat' dir='ltr'><strong>eundem!</strong></span> 
     </span>
     <span class='ocr_line' id='line_1_36' title="bbox 584 4109 2833 4188; baseline 0.002 -21"><span class='ocrx_word' id='word_1_287' title='bbox 584 4110 744 4168; x_wconf 78' lang='lat' dir='ltr'><strong>Tunc</strong></span> <span class='ocrx_word' id='word_1_288' title='bbox 773 4115 1126 4167; x_wconf 78' lang='lat' dir='ltr'><strong>removeatur</strong></span> <span class='ocrx_word' id='word_1_289' title='bbox 1166 4109 1237 4167; x_wconf 84' lang='lat' dir='ltr'><strong>ab</strong></span> <span class='ocrx_word' id='word_1_290' title='bbox 1262 4109 1449 4167; x_wconf 78' lang='lat' dir='ltr'><strong>altari</strong></span> <span class='ocrx_word' id='word_1_291' title='bbox 1486 4110 1748 4169; x_wconf 62' lang='lat' dir='ltr'><strong>dicatum</strong></span> <span class='ocrx_word' id='word_1_292' title='bbox 1788 4111 1972 4169; x_wconf 78' lang='lat' dir='ltr'><strong>oleum</strong></span> <span class='ocrx_word' id='word_1_293' title='bbox 2011 4110 2375 4188; x_wconf 75' lang='lat' dir='ltr'><strong>infirmorum</strong></span> <span class='ocrx_word' id='word_1_294' title='bbox 2403 4130 2439 4168; x_wconf 86' lang='lat' dir='ltr'><strong>a</strong></span> <span class='ocrx_word' id='word_1_295' title='bbox 2481 4111 2750 4185; x_wconf 76' lang='lat' dir='ltr'><strong>diacone,</strong></span> <span class='ocrx_word' id='word_1_296' title='bbox 2781 4122 2833 4171; x_wconf 81' lang='lat' dir='ltr'><strong>ct</strong></span> 
     </span>
    </p>
   </div>
   <div class='ocr_carea' id='block_1_4' title="bbox 503 4334 1766 4409">
    <p class='ocr_par' dir='ltr' id='par_1_5' title="bbox 503 4334 1766 4409">
     <span class='ocr_line' id='line_1_37' title="bbox 503 4334 1766 4409; baseline -0.004 -14"><span class='ocrx_word' id='word_1_297' title='bbox 503 4341 537 4375; x_wconf 79' lang='lat'><strong>&#39;⁸&#39;</strong></span> <span class='ocrx_word' id='word_1_298' title='bbox 575 4338 807 4409; x_wconf 74' lang='lat' dir='ltr'><strong>marqin,</strong></span> <span class='ocrx_word' id='word_1_299' title='bbox 834 4335 1057 4406; x_wconf 88' lang='lat' dir='ltr'><strong>quando</strong></span> <span class='ocrx_word' id='word_1_300' title='bbox 1082 4334 1287 4407; x_wconf 84' lang='lat' dir='ltr'><strong>frangit</strong></span> <span class='ocrx_word' id='word_1_301' title='bbox 1309 4352 1502 4408; x_wconf 87' lang='lat' dir='ltr'><strong>corpus</strong></span> <span class='ocrx_word' id='word_1_302' title='bbox 1527 4336 1766 4391; x_wconf 86' lang='lat' dir='ltr'><strong>Domini.</strong></span> 
     </span>
    </p>
   </div>
  </div>
 </body>
</html>
