3117 5025
466 374 553 439 60
1196 397 1209 416 ·
1249 378 1618 443 Dedicatio
1649 377 1996 444 Ecclesiae.

556 580 823 664 eptatos
1192 586 1459 647 octacos
1895 604 2180 650 ennacos
2616 578 2793 645 chile

643 681 764 750 dcc
1281 686 1436 752 dccc
1957 690 2147 753 dcccc
2682 680 2737 767 ἰ’

645 786 753 873 PSi
880 853 887 859 .
1185 794 1255 856 et
1282 791 1600 878 themaga
1901 793 2193 857 enachos
2624 787 2799 854 chile

475 889 753 954 dischile
783 881 1047 955 trichile
1086 893 1439 957 tetrachile
1479 894 1857 979 pentachile
1899 894 2199 959 exachile
2245 890 2568 958 octachile
2601 911 2805 954 enna-

476 991 649 1057 chile
694 993 1079 1058 dechachile
1123 995 1511 1059 icostachile
1544 996 1906 1082 tratangile
1939 995 2382 1062 serantachile
2425 991 2804 1079 pentachile

476 1094 893 1159 exentachile
925 1096 1376 1181 eptantachile
1408 1098 1849 1164 ocdintachile
1874 1098 2294 1164 enantachile
2326 1094 2802 1161 ecatostachile

474 1197 948 1263 diacostachile
1019 1199 1516 1264 triaeostochile
1605 1202 2152 1267 terracostochile
2238 1198 2807 1287 pentacostachile

481 1301 957 1467 etacostolchile
1002 1302 1526 1387 eptacostochile
1572 1304 2082 1370 octacostochile
2128 1300 2616 1369 enacostochile
2659 1321 2806 1366 eca-

474 1403 765 1469 tostochi
794 1404 896 1466 ef*

555 1591 695 1650 Post
721 1590 943 1650 veniens
970 1593 1257 1672 episcopas
1282 1601 1382 1654 stet
1407 1594 1474 1654 in
1499 1593 1687 1654 medio
1713 1594 1965 1668 ecclesiae,
2001 1601 2051 1655 et
2077 1594 2234 1653 dicat
2258 1594 2405 1653 hanc
2430 1592 2758 1652 orationem.

563 1686 767 1764 Deus,
799 1688 914 1772 qui
944 1688 1165 1774 Moysi
1211 1710 1403 1756 servo
1434 1695 1550 1756 tuo
1583 1670 1665 1754 e'x
1693 1691 1877 1757 mille
1920 1690 2218 1756 millibus
2247 1688 2643 1754 Israeliticis
2671 1686 2799 1752 tibi

475 1790 912 1858 dilectissimo
941 1791 1264 1856 visionem
1309 1814 1620 1878 magnam
1653 1794 2013 1859 ostendens
2042 1793 2124 1856 de
2154 1792 2369 1857 medio
2398 1789 2803 1855 flammantis

475 1894 647 1972 rubi,
678 1899 929 1959 terram
974 1900 1272 1960 sanctam
1315 1895 1511 1960 nudis
1554 1896 1833 1982 pedibus
1878 1896 2135 1961 calcare
2179 1894 2513 1959 mandasti
2557 1893 2805 1970 dicens,

477 1998 675 2064 Solve
728 1998 1247 2064 calceamentum
1292 2000 1372 2064 de
1403 2000 1684 2084 pedibus
1728 2001 1884 2078 tuis,
1915 1999 2102 2065 locus
2147 1998 2322 2063 enim
2365 1999 2436 2061 in
2482 2018 2610 2083 quo
2657 2000 2801 2061 stas

475 2106 662 2166 terra
707 2107 941 2168 sancta
991 2107 1117 2179 est,
1162 2102 1510 2167 insinuans
1562 2124 1684 2187 per
1726 2104 1852 2168 hoc
1904 2103 2077 2186 quod
2131 2123 2375 2185 magna
2422 2099 2803 2164 reverentia

474 2204 902 2270 honorandus
935 2205 1025 2271 sit
1051 2204 1239 2270 locus
1279 2204 1527 2269 nomini
1559 2210 1677 2269 tuo
1707 2204 1822 2290 qui
1853 2204 2191 2270 exstiterit
2220 2203 2586 2268 dedicatus.
2672 2202 2801 2280 Tu,

477 2307 782 2384 Domine,
815 2308 1188 2391 majestatis
1232 2312 1363 2372 tuae
1392 2307 1671 2372 dextera
1709 2309 1834 2372 hoc
1872 2307 2322 2394 pavimentum
2370 2305 2801 2384 sanctifflfica,

478 2414 549 2474 et
600 2414 840 2495 praesta
890 2414 968 2474 ut
1013 2431 1213 2494 super
1253 2409 1421 2474 illud
1466 2415 1533 2475 te
1581 2410 1834 2475 oraturi
1886 2410 2215 2476 munditia
2268 2413 2339 2473 et
2381 2407 2537 2472 boni
2578 2407 2802 2492 operis

470 2513 798 2577 desiderio
840 2514 1143 2599 flagrent,
1186 2519 1256 2578 et
1300 2513 1655 2578 suavitatis
1699 2520 1816 2578 tuo
1857 2514 2056 2579 odore
2101 2513 2288 2578 velut
2332 2510 2595 2598 virgula
2639 2531 2793 2575 aro-

476 2616 678 2680 matis
706 2615 1048 2700 fragrent3
1095 2621 1165 2680 et
1208 2636 1608 2700 quaeeunque
1654 2617 2001 2702 praesentis
2044 2616 2195 2681 vitae
2227 2637 2268 2680 a
2306 2620 2376 2680 te
2420 2613 2801 2679 necessaria

477 2719 970 2805 postulaverint
1000 2719 1363 2784 obtineant.
1453 2718 1585 2783 Hic
1629 2719 1950 2803 mysticus
1990 2719 2105 2782 ille
2151 2717 2466 2783 cultellus
2494 2716 2802 2801 petrinus

477 2827 749 2886 tuorum
808 2821 1008 2885 corda
1060 2821 1506 2887 circumcidat.
1596 2822 1728 2886 Hic
1779 2824 2117 2907 rumphaea
2175 2821 2608 2907 protectionis
2667 2825 2800 2884 tuae

473 2922 709 2988 fideles
752 2923 1029 2988 muniat.
1116 2923 1249 2987 Hic
1292 2925 1455 2989 tuba
1498 2925 1681 2989 vocis
1725 2930 1854 2990 tuae
1900 2924 2214 2989 audiatur
2243 2929 2312 2988 et
2353 2922 2799 3007 intelligatur.

475 3026 610 3091 Hic
653 3026 831 3111 ignis
873 3027 1099 3093 Sancti
1145 3026 1433 3112 Spiritus
1475 3029 1771 3093 fidelium
1813 3029 2223 3105 holocausta,
2255 3032 2325 3092 et
2367 3048 2555 3092 aram
2596 3047 2799 3112 pene-

479 3129 754 3194 tralium
812 3128 848 3210 †
908 3129 1206 3213 ipsorum
1263 3131 1595 3196 incendat.
1703 3131 1836 3195 Hic
1886 3131 2069 3196 scala
2125 3130 2310 3217 pacis
2369 3133 2439 3193 et
2498 3129 2801 3193 caritatis

479 3235 813 3317 assurgat,
863 3235 932 3294 et
979 3232 1386 3297 orthodoxos
1436 3239 1592 3298 tuos
1637 3232 1723 3298 ad
1768 3232 2062 3297 coelestia
2113 3232 2350 3316 erigat.
2442 3231 2545 3295 Sit
2596 3229 2802 3295 etia-m

473 3334 836 3421 pavimenti
866 3333 1067 3416 hujus
1096 3334 1282 3399 locus
1313 3336 1397 3400 ab
1428 3335 1688 3421 angelis
1721 3336 1970 3399 sanctis
2015 3335 2498 3418 frequentatus,
2530 3338 2796 3397 nostra-

473 3457 601 3521 que
632 3437 1086 3501 benedictione
1131 3439 1255 3503 tibi
1287 3438 1821 3514 commendatus3
1869 3443 1937 3502 et
1974 3437 2255 3502 concede
2299 3441 2379 3501 ut
2421 3435 2795 3519 quicunque

475 3547 545 3606 te
578 3560 778 3625 super
805 3539 969 3603 illud
1002 3539 1333 3605 laudando
1370 3542 1846 3619 invocaverint,
1876 3542 1971 3606 ibi
2014 3545 2083 3606 te
2114 3543 2494 3604 mereantur
2521 3538 2798 3603 laudare

476 3643 591 3709 ubi
641 3643 712 3707 in
763 3642 1014 3707 coelesti
1072 3644 1354 3708 eeclesia
1409 3645 1697 3730 populus
1754 3644 2038 3709 feriatus
2097 3648 2167 3708 et
2224 3643 2307 3706 de
2363 3647 2484 3706 tua
2541 3641 2799 3706 visione

476 3744 1001 3811 solemnissimus
1030 3745 1154 3812 tibi
1197 3768 1483 3832 perenne
1516 3749 1869 3813 sabbatum
1914 3745 2305 3812 sabbatizat.
2391 3745 2522 3810 Per
2565 3743 2796 3809 Domi-

478 3869 660 3914 num.

556 3949 644 4008 Et
669 3970 707 4007 a
746 3947 937 4007 dea-tro
977 3949 1184 4026 anqulo
1213 3950 1482 4009 orientali
1518 3950 1730 4009 scribat
1754 3950 2176 4010 Abecedarium
2214 3947 2497 4007 Latinum
2532 3967 2703 4025 usque
2728 3946 2798 4005 in

477 4045 773 4106 sinistrum
800 4044 1074 4121 anqulum
1099 4045 1509 4118 occidentalem,
1541 4047 1821 4105 cantando
1848 4047 1993 4105 hanc
2020 4045 2410 4123 antiphonam.

478 4173 514 4207 ⁴*
553 4171 620 4225 In
645 4169 756 4225 this
781 4169 1061 4241 Alphabet
1083 4170 1180 4226 the
1204 4170 1443 4244 spelling
1465 4171 1528 4227 of
1542 4171 1639 4229 the
1663 4170 1770 4228 MS
1788 4171 1836 4227 is
1859 4170 2155 4245 preserved.

476 4260 514 4330 †
549 4258 656 4314 MS
675 4257 1114 4332 penetrabilium.
