3117 5025
1131 426 1220 490 In
1259 426 1467 490 C'oena
1498 426 1799 490 Domini.
2490 427 2618 491 201

1024 825 1129 889 IN
1177 823 1455 889 OOENA
1501 819 1863 887 DOMINI.

390 1007 690 1089 Officium
721 1011 794 1072 in
833 1011 1043 1075 C'oena
1072 1013 1375 1076 Domini.

377 1105 578 1165 Dictis
605 1130 729 1186 quoe
769 1111 849 1168 ad
887 1113 1123 1171 missam
1153 1113 1463 1191 pertinent,
1493 1133 1667 1190 usque
1682 1113 1902 1190 finitur
1941 1113 2129 1173 oratio
2155 1111 2350 1173 Nobis
2391 1134 2621 1195 quoque

294 1204 720 1277 peccatoribus,
748 1206 946 1265 statim
972 1216 1275 1285 antequam
1303 1208 1538 1266 dicatur
1565 1207 1679 1266 Per
1707 1227 1874 1285 quem
1904 1207 2031 1266 haec
2058 1208 2272 1278 omnia,
2306 1212 2622 1287 appropin—

294 1317 477 1372 quans
543 1298 818 1357 diaconus
884 1322 1010 1359 cum
1077 1302 1412 1372 reverentia,
1479 1302 1802 1379 ampullam
1869 1322 1996 1360 cum
2065 1302 2181 1359 oleo
2246 1302 2614 1378 infirmorum

294 1391 682 1451 subministret
720 1395 975 1473 episcopo
994 1419 1018 1468 ;
1057 1418 1226 1474 super
1266 1418 1439 1474 quam
1482 1404 1565 1454 ter
1607 1397 1793 1454 crucis
1819 1397 2050 1473 siquam
2074 1395 2275 1472 faciat
2315 1397 2624 1476 episcopus,

292 1503 359 1541 ac
407 1493 493 1542 ter
537 1489 716 1563 sufflet
755 1489 822 1546 in
861 1509 947 1560 ea,
993 1491 1363 1568 perficiatque
1401 1491 1795 1561 exorcismum,
1839 1488 2204 1548 audientibus
2248 1497 2474 1548 tantum
2515 1493 2621 1568 qui

292 1599 444 1636 secus
485 1580 669 1640 altare
703 1591 855 1640 stant
895 1584 1181 1643 ministris
1199 1607 1223 1656 ;
1263 1585 1502 1643 minime
1543 1584 1735 1644 dicens
1778 1583 2061 1642 Dominus
2100 1585 2416 1655 vobiscum,
2446 1606 2622 1664 neque

298 1671 546 1732 Oremus
568 1696 584 1745 ;
626 1676 723 1733 sed
748 1677 837 1734 ita
865 1677 1094 1736 directe.
2125 1750 2128 1754 .

378 1767 704 1833 Exorcizo
737 1776 823 1847 te,
856 1772 1382 1837 immundissime
1431 1772 1710 1858 spiritus
1743 1778 1813 1836 et
1858 1773 2117 1858 refuga,
2150 1777 2374 1855 teque,
2407 1774 2622 1838 omnis

294 1870 585 1935 incursio
620 1873 883 1938 Satanae
924 1881 995 1940 et
1023 1897 1217 1939 omne
1261 1877 1665 1960 phantasma
1694 1875 2132 1940 nefandorum
2176 1876 2616 1954 inimicorum,

211 2006 220 2017 ·
293 1994 414 2056 per
454 1975 932 2060 omnipotentis
980 1978 1102 2041 Dei
1148 1979 1373 2042 Patris
1417 1978 1864 2062 majestatem,
1899 1977 2012 2060 qui
2058 1976 2315 2054 coelum,
2347 1982 2619 2055 terram,

293 2095 498 2152 mare,
530 2083 600 2140 et
630 2079 852 2143 omnia
883 2101 1025 2163 quae
1057 2080 1127 2143 in
1157 2080 1256 2143 eis
1287 2080 1717 2145 continentur
1747 2077 2125 2143 admirabili
2175 2099 2297 2143 sua
2328 2079 2625 2143 condidit

291 2179 615 2261 potentia,
648 2186 724 2245 ut
754 2203 903 2246 cum
934 2183 1112 2246 omni
1142 2182 1463 2248 falsitatis
1495 2188 1626 2249 tuae
1668 2203 1922 2246 veneno
1954 2180 2183 2265 procul
2231 2181 2504 2247 recedas
2533 2184 2618 2247 ab

289 2281 492 2364 hujus
560 2283 689 2348 olei
762 2293 1071 2351 creatura
1136 2286 1220 2349 ad
1295 2290 1849 2370 superventuram
1916 2283 2463 2361 benedictionem,
2531 2285 2612 2348 In
2712 2328 2727 2337 -

286 2385 553 2450 nomine
585 2387 805 2452 Patris
836 2387 916 2467 »Β
947 2395 1017 2454 et
1058 2389 1211 2454 Filii
1242 2394 1322 2474 »ις
1356 2396 1427 2453 et
1459 2389 1750 2473 Spiritus
1780 2385 1860 2465 »Β
1894 2386 2162 2461 Sancti;
2210 2392 2287 2451 ut
2330 2386 2452 2450 fiat
2481 2387 2606 2451 hoc

289 2487 512 2552 oleum
558 2490 863 2555 omnibus
909 2491 1023 2576 qui
1065 2514 1147 2557 ex
1178 2514 1257 2557 eo
1302 2491 1595 2577 ungendi
1644 2495 1818 2567 sunt,
1854 2490 2077 2555 unctio
2124 2488 2497 2573 spiritualis
2543 2493 2615 2554 et

288 2591 589 2675 perfecta
619 2593 944 2660 medicina
973 2595 1058 2659 ad
1100 2595 1659 2661 corroborandum
1690 2594 1758 2657 in
1791 2593 2077 2658 Domino
2124 2593 2429 2656 humanae
2461 2612 2614 2656 con-

287 2694 565 2759 ditionis
598 2696 937 2780 templum,
971 2703 1402 2783 co·operante
1447 2697 1517 2760 in
1548 2717 1629 2759 eo
1660 2696 1885 2782 gratia
1930 2701 2001 2760 et
2046 2695 2295 2761 virtute
2328 2693 2617 2779 Spiritus

286 2797 537 2875 Sancti,
571 2819 693 2881 per
720 2799 762 2862 J
766 2820 952 2863 esum
987 2798 1331 2864 Christum
1377 2799 1893 2882 Redemptorem
1939 2802 2264 2872 nostrum,
2297 2798 2413 2879 qui
2461 2815 2610 2859 cum

286 2900 491 2964 Patre
522 2907 594 2964 et
637 2901 865 2965 eodem
916 2902 1169 2986 Spiritu
1216 2902 1460 2967 Sancto
1508 2901 1678 2967 vivit
1719 2907 1790 2964 et
1833 2900 2166 2985 gloriatur
2211 2917 2332 2983 per
2375 2905 2616 2963 cuncta

285 3001 532 3067 saecula
562 3003 975 3069 saeculorum.

375 3107 777 3171 Benedictio
808 3108 942 3172 olei
974 3111 1418 3192 infirmorum,
1451 3110 1708 3189 absque
1738 3104 2064 3169 Dominus
2095 3105 2455 3170 vobiscum.

379 3208 681 3272 Oremus.

375 3312 807 3394 Omnipotens
832 3312 1033 3389 Deus,
1060 3312 1173 3395 qui
1208 3333 1330 3395 pro
1351 3312 1765 3374 infirmorum
1789 3309 2188 3374 necessitate
2219 3308 2612 3375 medicinam

251 3408 603 3498 ‘potentiae
648 3420 778 3490 tuae
831 3421 1250 3491 ostensurus,
1299 3414 1616 3477 mundum
1671 3411 1986 3486 visitasti,
2035 3431 2113 3474 ac
2166 3414 2285 3473 tua
2331 3407 2616 3474 salutari

286 3518 647 3604 praesentia
671 3538 931 3581 omnem
955 3516 1343 3603 languorem
1367 3539 1409 3582 a
1439 3517 1749 3582 fidelibus
1773 3515 1913 3579 tuis
1938 3513 2291 3598 effugasti3
2339 3514 2615 3598 respIce,

273 3619 692 3705 quaesumus,
737 3620 1025 3708 benigno
1071 3622 1325 3685 intuitu
1372 3622 1456 3686 ad
1504 3617 1857 3683 ministerii
1911 3616 2130 3680 nostri
2176 3616 2616 3695 devotionem,

288 3746 413 3788 nee
443 3724 590 3800 tibi,
621 3723 924 3802 Domine,
958 3725 1089 3789 mei
1130 3724 1506 3810 peccatoris
1538 3721 1893 3806 displiceat
1924 3718 2305 3803 prosecutio
2352 3719 2422 3783 in
2452 3720 2620 3784 divi-

290 3827 531 3893 nitatis
584 3833 713 3892 tuoe
768 3834 1205 3894 sacramento·
1301 3827 1430 3893 Sed
1485 3825 1660 3911 quod
1724 3824 1920 3889 hodie
1981 3819 2063 3887 ad
2124 3822 2616 3907 reparationem

291 3931 533 3997 salutis
593 3931 892 3994 humanae
956 3951 1155 4016 super
1212 3931 1337 3995 hoc
1392 3930 1540 3994 oleo
1601 3926 1853 3992 visibili
1912 3931 2157 3990 nostrae
2215 3928 2620 4009 precationis

289 4033 656 4119 gerendum
701 4039 809 4097 est
854 4034 1088 4109 officio,
1134 4032 1512 4119 [in]visibili
1562 4030 2001 4097 sanctissimae
2056 4028 2620 4117 beneffldictionis

287 4146 420 4203 tuae
464 4136 849 4221 perficiatur
893 4137 1248 4220 mysteri03
1296 4135 1457 4220 quia
1510 4141 1607 4213 tu,
1657 4134 1963 4209 Domine,
2014 4131 2434 4196 sacerdotum
2481 4153 2618 4196 om-

286 4240 473 4303 nium
518 4258 592 4301 es
635 4238 1033 4323 purificatiO,
1080 4243 1151 4304 et
1201 4238 1572 4303 coelestium
1628 4235 2100 4319 mysteriorum
2157 4234 2620 4299 sanctificatio·

283 4340 401 4418 Te,
453 4340 733 4403 Domine
801 4341 913 4425 qui
984 4340 1292 4406 Naaman
1350 4340 1589 4424 Syrum
1640 4339 1710 4403 in
1752 4337 2044 4402 Jordane
2088 4337 2289 4418 juxta
2341 4333 2618 4402 Helisaei

476 4442 669 4507 Pont.
703 4443 788 4506 25
1596 4453 1603 4460 ‘
