3117 5025
544 447 671 512 180
1177 447 1697 515 Benedictionee
1727 442 2205 527 Episcopalee.

542 672 904 737 supernam
934 652 1218 718 intravit
1239 651 1673 738 patriam,·sio
1703 670 1826 715 vos
1855 650 2112 733 absque
2136 650 2560 733 peecatorum
2599 643 2877 708 laesione

541 760 803 821 aeternae
832 755 1179 820 felicitatis
1211 756 1482 819 intretis
1512 753 1821 839 gloriam.
1914 753 2153 815 Amen.

629 857 769 922 Ubi
813 861 884 923 et
927 877 1049 922 vos
1080 858 1345 943 Agnum
1392 855 1626 921 aeterni
1672 854 1900 920 Patris
1936 853 2286 937 contingat
2312 850 2562 916 intueri
2591 848 2864 923 Filium,

541 979 692 1024 oum
743 980 875 1043 quo
927 980 1168 1046 perpes
1220 959 1409 1026 vobis
1466 960 1554 1025 sit
1605 959 1818 1025 beatae
1870 957 2024 1023 vitae
2073 954 2342 1040 requies
2393 961 2465 1020 et
2515 951 2858 1039 gaudium.

540 1063 775 1128 Amen.

631 1162 819 1248 Quod
849 1163 1018 1248 ipse.

624 1383 967 1446 Benedictio
991 1386 1060 1446 de
1087 1393 1285 1446 sancta
1310 1407 1487 1447 οτηερ.

626 1600 835 1678 Deus,
866 1600 982 1685 qui
1034 1621 1155 1686 per
1197 1620 1454 1665 erucem
1502 1600 1840 1686 passionis
1886 1620 2019 1664 suae
2062 1598 2379 1664 mundum
2424 1596 2639 1663 voluit
2679 1596 2858 1661 redi-

539 1724 743 1779 mere,
781 1702 1082 1785 ejusdem
1128 1707 1372 1768 sanetae
1418 1703 1634 1767 erucis
1679 1704 2042 1767 munimine
2086 1702 2267 1767 mala
2311 1702 2534 1766 omnia
2577 1721 2619 1766 a
2659 1702 2855 1765 vobis

537 1805 854 1890 dignetur
882 1803 1240 1890 expellere.
1328 1807 1566 1873 Amen.

624 1907 725 1972 Sit
756 1906 950 1971 vobis
974 1911 1218 1971 sanetae
1243 1907 1459 1971 erucis
1482 1906 1706 1991 gloria
1728 1911 1962 1973 eontra
1992 1927 2222 1972 omnes
2245 1905 2516 1971 aemulos
2545 1906 2851 1984 victoria,

532 2013 604 2074 et
654 2030 775 2094 per
819 2008 965 2091 ejus
1012 2029 1271 2073 sacram
1324 2009 1827 2073 venerationem
1871 2011 2064 2075 vobis
2104 2009 2433 2074 Dominus
2479 2008 2724 2074 mentis
2776 2014 2852 2075 et

535 2111 835 2197 eorporis
867 2111 1169 2176 conferat
1200 2111 1668 2176 salvationem.
1756 2114 1994 2177 Amen.

621 2215 891 2279 Mentes
941 2219 1206 2277 vestras
1258 2212 1343 2276 ad
1401 2212 1704 2277 eoelestia
1754 2214 2071 2299 dignetur
2129 2212 2504 2289 sublevare,
2559 2214 2673 2297 qui
2725 2235 2853 2297 per

536 2337 797 2381 erucem
831 2335 1025 2393 suam⁴
1051 2336 1173 2380 vos
1222 2314 1436 2380 voluit
1474 2315 1557 2381 de
1589 2316 1852 2380 inferno
1882 2316 2211 2393 liberare;
2258 2321 2329 2380 et
2370 2316 2463 2380 ibi
2492 2336 2612 2380 vos
2641 2316 2855 2382 faciat

531 2425 687 2506 post
717 2424 1000 2484 mortem
1045 2437 1352 2504 regnare,
1385 2418 1499 2482 ubi
1544 2439 1778 2484 omnes
1824 2420 2043 2486 saneti
2072 2419 2425 2485 laudantes
2466 2419 2681 2485 Deum
2713 2442 2852 2485 non

532 2529 802 2590 cessant
831 2520 1195 2598 exsultare.
1290 2523 1525 2587 Amen.

620 2626 808 2713 Quod
839 2625 1005 2711 ipse.

610 2849 881 2926 Tempore
907 2867 1140 2923 querroe.

617 3060 1056 3145 Omnipotens
1100 3058 1286 3124 Deus
1327 3061 1576 3126 vestris
1621 3062 1934 3148 dignetur
1963 3064 2314 3151 propitiari
2356 3066 2670 3151 peccatis,
2702 3074 2774 3133 et
2804 3090 2847 3134 a

524 3163 717 3230 vobis
776 3162 1046 3228 auferat
1109 3166 1410 3228 terrores
1469 3164 1681 3229 totius
1748 3166 2170 3246 hostilitatis,
2231 3174 2309 3235 ut
2368 3170 2404 3205 ’¹⁵
2464 3170 2531 3233 in
2601 3192 2842 3236 secura

524 3267 842 3331 libertate
871 3264 1141 3342 firmati,
1176 3265 1305 3329 sibi
1338 3265 1605 3330 subdito
1634 3267 1968 3334 famulatu
1998 3269 2413 3337 deserviatis.
2501 3275 2740 3340 Amen.

611 3367 845 3433 Elidat
902 3367 1197 3432 omnium
1263 3367 1806 3433 adversariorum
1869 3377 2244 3437 vestrorum
2308 3375 2709 3459 superbiam,
2772 3381 2843 3442 et

523 3472 777 3536 virtute
828 3470 1117 3534 dexterae
1182 3490 1316 3533 suae
1378 3474 1770 3554 prosternat
1827 3472 2120 3538 hostium
2181 3482 2556 3540 vestrorum
2610 3483 2841 3543 eontu-

523 3573 827 3637 maeiam.
917 3570 1153 3634 Amen.

613 3674 885 3738 Mentes
929 3677 1195 3737 vestras
1227 3676 1297 3737 et
1326 3693 1610 3758 corpora
1646 3679 1875 3740 vestra
1905 3678 2220 3761 potentiae
2267 3700 2399 3745 suae
2430 3701 2551 3746 vos
2580 3683 2843 3749 muniat

518 3775 773 3839 invicta
830 3771 1149 3850 defensio,
1202 3779 1281 3838 ut
1337 3775 1447 3860 pio
1509 3776 1638 3840 sibi
1698 3797 1961 3862 semper
2011 3781 2259 3845 affeetu
2322 3784 2690 3849 servientes
2750 3789 2837 3851 ab

514 3874 781 3940 infestis
832 3873 1208 3938 liberemini
1267 3875 1578 3954 inimicis,
1641 3882 1712 3943 et
1770 3879 1840 3943 in
1901 3900 2026 3946 sua
2077 3881 2336 3968 jugiter
2399 3886 2623 3970 gratia
2681 3908 2832 3972 per-

520 3974 868 4042 severetis.
957 3976 1193 4038 Amen.

606 4073 793 4163 Quod
822 4075 990 4160 ipse.

512 4260 546 4293 '⁸‘
583 4258 688 4313 MS
709 4263 783 4314 et.
