3117 5025
476 389 564 451 44
1199 388 1565 452 Ordinatio
1598 388 2065 451 Sacerdotum.

481 592 768 653 ordinum.
799 591 1009 650 scilicet
1047 591 1394 669 acolytatum
1432 590 1625 649 eadem
1664 590 1758 648 die
1796 589 1934 649 dare
1960 610 2088 649 cum
2112 589 2536 648 subdiaconatu.
2619 587 2792 647 Nunc

481 707 609 746 vero
649 707 765 745 non
807 686 933 744 licet
983 706 1082 744 nec
1127 685 1363 763 expedit,
1411 685 1549 762 quia
1595 685 1783 743 sancti
1837 684 2044 743 Patres
2096 683 2380 762 quondam
2421 703 2535 760 pro
2587 702 2791 758 maqno

486 782 756 840 ducebant
782 780 1090 839 minimum
1115 779 1371 839 ordinem
1397 780 1655 857 recipere.
1740 778 1981 857 Leqitur
2007 780 2158 838 enim
2197 779 2265 837 de
2290 787 2479 837 sancto
2505 778 2577 835 M
2578 779 2785 848 artino,

488 876 638 954 quod
674 896 802 935 cum
843 877 1030 933 beatus
1069 875 1344 934 Hilarius
1386 874 1742 934 Picta-vensis
1787 877 2071 953 episcopus
2111 895 2237 933 eum
2275 874 2579 932 diaconum
2601 872 2794 949 facere

489 973 663 1045 vellet,
711 993 826 1031 non
873 972 1162 1044 consensit,
1210 993 1266 1029 se
1315 972 1621 1048 indiynum
1666 979 1821 1030 tanto
1864 971 2053 1049 qradu
2097 979 2363 1049 reputans
2391 993 2416 1043 ;
2468 969 2795 1028 exorcistam

491 1088 545 1125 se
584 1066 727 1144 fieri
776 1067 874 1125 vioe
925 1068 1212 1125 consensit.
1322 1065 1485 1125 Unde
1536 1065 1870 1125 mirandum
1922 1066 2086 1124 valde
2138 1075 2190 1123 et
2239 1064 2423 1141 maqis
2475 1063 2793 1134 dolendum,

491 1163 762 1239 quomodo
793 1161 883 1219 his
922 1161 1116 1219 diebus
1142 1182 1181 1219 a
1218 1168 1371 1219 statu
1413 1160 1617 1219 laicali
1653 1159 1813 1237 infra
1852 1181 2070 1218 annum
2109 1161 2188 1218 ad
2225 1167 2433 1217 statum
2473 1156 2795 1215 ascenditur

483 1256 820 1335 presbyterii
840 1276 1179 1334 supremum,
1201 1275 1328 1313 cum
1355 1254 1435 1313 ad
1458 1255 1648 1313 minus
1665 1276 1774 1333 per
1793 1274 2010 1312 annum
2034 1255 2316 1330 inteqrum
2334 1253 2401 1310 in
2420 1251 2577 1310 omni
2601 1250 2799 1309 ordine

491 1360 735 1431 suscepto
754 1353 1082 1411 ministrare
1108 1352 1336 1410 debeant
1360 1359 1411 1409 et
1436 1374 1490 1410 se
1515 1371 1774 1422 exercere,
1797 1358 1863 1410 ut
1888 1350 2056 1427 diqni
2080 1358 2131 1409 et
2146 1349 2379 1429 probati
2403 1349 2482 1406 ad
2506 1348 2799 1426 superiora

495 1447 782 1505 ascendere
807 1455 1145 1518 mereantur,
1166 1466 1295 1504 cum
1319 1466 1477 1505 nemo
1503 1453 1720 1524 repente
1732 1447 1852 1524 fiat
1875 1465 2142 1503 summus.
2227 1442 2298 1502 Si
2315 1464 2441 1520 erqo
2461 1443 2799 1521 acolytatum

496 1549 547 1599 et
591 1542 1057 1600 subdiaconatum
1108 1542 1302 1599 eadem
1348 1541 1441 1599 die
1485 1542 1729 1614 conferre
1780 1562 1895 1600 non
1938 1540 2081 1612 licet,
2124 1560 2223 1598 nec
2268 1560 2305 1597 a
2350 1539 2526 1597 multo
2561 1536 2803 1615 fortiori
2901 1545 2902 1548 ’

494 1636 960 1695 subdiaconatum
980 1643 1031 1694 et
1056 1635 1438 1710 diaconatum,
1453 1656 1552 1694 nec
1578 1635 1943 1694 diaconatum
1962 1643 2012 1692 et
2020 1635 2482 1722 presbyteratum,
2502 1634 2802 1692 secundum

497 1735 714 1794 decreta
752 1737 1022 1808 Patrum,
1050 1733 1191 1812 quia
1228 1734 1310 1793 sic
1334 1734 1585 1811 qraviter
1609 1741 1779 1793 essent
1817 1740 1935 1792 tam
1975 1732 2270 1791 ordinator
2308 1752 2480 1809 quam
2506 1732 2801 1791 ordinatus

490 1831 797 1911 puniendi.
1009 1822 1022 1833 ⁶

569 1926 828 1998 Quatuor
845 1924 1180 2003 temporibus
1200 1944 1345 2000 erqo,
1366 1923 1578 1982 scilicet
1595 1924 1818 1981 sabbato
1839 1922 1907 1981 in
1925 1922 2273 1981 hebdomada
2300 1922 2468 1981 tertia
2488 1922 2803 1995 Adventus,

501 2022 724 2080 sabbato
776 2020 844 2078 in
895 2019 1242 2078 hebdomada
1278 2019 1480 2097 prima
1537 2018 2014 2095 Quadraqesimae,
2072 2019 2295 2076 sabbato
2346 2019 2414 2077 in
2464 2018 2805 2076 hebdomada

501 2116 857 2186 Pentecostes,
885 2114 1034 2192 quod
1059 2122 1135 2172 est
1159 2114 1368 2190 viqilia
1398 2113 1725 2185 Trinitatis,
1754 2120 1804 2170 et
1829 2113 2051 2171 sabbato
2077 2112 2180 2171 illo
2206 2113 2273 2170 in
2304 2111 2629 2191 Septembri,
2662 2114 2810 2190 quod

503 2210 755 2287 sequitur
780 2216 1003 2268 octavas
1028 2207 1372 2268 Natiuitatis
1398 2209 1565 2266 beatae
1591 2208 1662 2268 M
1663 2209 1823 2278 arioe,
1846 2215 1977 2286 post
1996 2207 2209 2286 festwm
2240 2206 2458 2278 Crucis,
2483 2193 2814 2284 qeneraliter

498 2312 677 2381 potest
735 2304 1020 2382 episcopus
1078 2324 1262 2362 sacros
1329 2302 1552 2360 ordines
1613 2302 1898 2361 celebrare.
2011 2301 2082 2361 Si
2138 2323 2263 2360 vero
2322 2303 2411 2361 his
2476 2304 2811 2381 temporibus

508 2399 813 2478 impeditus
837 2399 1041 2474 fuerit,
1085 2406 1135 2456 et
1176 2418 1380 2457 necesse
1424 2397 1516 2468 sit,
1564 2397 1631 2455 in
1672 2397 1894 2455 sabbato
1936 2406 2064 2456 ante
2106 2397 2453 2456 dominicam
2494 2398 2807 2471 Passionis,

508 2496 657 2575 quod
693 2494 911 2555 dicitur
950 2494 1248 2565 sitientes,
1293 2499 1343 2552 et
1384 2493 1450 2551 in
1495 2492 1720 2550 sabbato
1759 2500 1966 2566 sancto,
2014 2492 2162 2570 quod
2200 2499 2277 2551 est
2314 2492 2525 2570 viqilia
2565 2493 2818 2567 Paschae‚

495 2593 692 2652 'sacros
708 2598 889 2670 potest
914 2588 1140 2649 ordines
1164 2587 1495 2647 ministrare
1521 2608 1540 2645 .·
1580 2586 1730 2646 alias
1758 2594 1944 2646 autem
1970 2607 2281 2665 nunquam.
