3117 5025
850 417 889 480 1
894 440 938 480 n
971 418 1430 482 Dedicatione
1464 415 1802 482 Basilicae
1834 437 2041 481 novoe.
2488 411 2623 478 327

290 626 684 689 reverenter
713 629 1045 709 aptamus.
1139 622 1465 702 Concede,
1490 643 1896 707 quaesumus,
1920 627 2001 689 ut
2029 627 2100 688 et
2129 625 2333 707 grata
2365 639 2631 704 semper

296 726 515 792 oculis
568 733 701 792 tuae
756 727 1139 812 majestatis
1192 732 1589 813 appareant,
1644 730 1715 792 et
1768 726 2102 792 salutaria
2152 724 2302 790 fieri
2356 721 2624 809 populis

295 830 711 896 Christianis
771 832 1014 896 beatus
1068 830 1186 895 ille
1248 836 1507 916 martyr
1560 830 1757 914 cujus
1817 830 1942 896 tibi
2002 830 2316 896 dicantur
2372 829 2628 892 honore

300 934 634 1001 obtineat.
725 936 859 1000 Per
887 935 1270 1000 Dominum.

379 1037 558 1095 Alia.

382 1133 793 1216 Apostolicae
845 1133 1243 1199 reverentiae
1289 1133 1555 1197 culmen
1602 1132 1967 1207 offerimus,
2018 1133 2232 1197 sacris
2285 1129 2628 1218 mysteriis

293 1236 770 1314 imbuendum;
839 1241 1109 1320 praesta,
1176 1256 1582 1320 quaesumus,
1650 1233 1962 1312 Domine,
2029 1239 2108 1299 ut
2174 1236 2361 1300 beati
2427 1234 2627 1299 illius

292 1340 641 1425 suffragiis
692 1340 834 1404 haec
886 1338 1083 1424 plebs
1133 1344 1257 1405 tua
1310 1358 1578 1424 semper
1630 1344 1703 1404 et
1755 1359 1881 1403 sua
1931 1343 2095 1404 vota
2147 1339 2502 1423 depromat
2554 1342 2626 1402 et

292 1442 684 1508 desiderata
712 1443 1072 1527 percipiat.
1161 1442 1295 1506 Per
1323 1440 1708 1506 Dominum.

375 1544 676 1620 Proefatio.

379 1639 466 1704 V.
500 1639 585 1704 D.
673 1641 958 1706 AEterne
1000 1640 1208 1704 Deus.
1298 1640 1431 1704 Per
1459 1661 1660 1724 quem
1691 1645 1761 1706 te
1796 1639 2135 1725 supplices
2165 1640 2622 1726 deprecamur,

295 1748 370 1807 ut
401 1743 621 1809 altare
653 1744 803 1821 hoc,
836 1743 1093 1810 sanctis
1122 1744 1360 1808 usibus
1391 1748 1865 1828 praeparatum,
1898 1743 2156 1810 coelesti
2201 1744 2623 1810 dedicatione

290 1847 712 1925 sanctifices;
761 1854 838 1912 ut
871 1848 1051 1913 sicut
1082 1845 1589 1911 Melchisedech
1624 1847 1996 1912 sacerdotis
2028 1849 2346 1933 praecipui
2380 1847 2624 1913 oblati-

292 1971 487 2015 onem
532 1951 927 2038 dignatione
973 1950 1268 2016 mirabili
1318 1951 1701 2036 suscepisti,
1734 1951 1833 2015 ita
1877 1951 2202 2036 imposita
2246 1973 2420 2017 novo
2465 1950 2626 2016 huic

295 2075 577 2120 munera
627 2055 834 2119 altari
896 2040 1164 2138 semper
1224 2059 1503 2138 accepta
1564 2054 1747 2117 ferre
1806 2053 2152 2137 digneris3
2201 2061 2281 2120 ut
2336 2053 2628 2141 populus

294 2164 453 2224 tuus
485 2161 556 2223 in
600 2162 727 2225 hac
774 2158 1076 2224 ecclesiae
1121 2158 1319 2223 domo
1367 2164 1604 2223 sancta
1648 2157 2079 2234 conveniens,
2111 2179 2232 2243 per
2275 2159 2413 2222 haec
2459 2177 2630 2242 pura

293 2264 617 2329 libamina
661 2263 918 2328 coelesti
975 2262 1512 2328 sanctificatione
1561 2260 1891 2338 salvatus,
1937 2262 2312 2326 animarum
2361 2279 2626 2345 quoque

294 2388 567 2432 suarum
601 2367 890 2432 salutem
923 2371 1320 2452 perpetuam
1353 2371 1829 2450 consequatur.
1918 2365 2051 2429 Per
2084 2363 2449 2429 Christum.

377 2471 556 2530 Alia.

378 2566 468 2630 V.
531 2567 613 2631 D.
704 2568 989 2632 AEterne
1057 2565 1264 2631 Deus.
1359 2566 1815 2631 Obsecrantes
1883 2571 1965 2631 ut
2023 2567 2162 2630 haec
2234 2566 2412 2632 atria
2477 2566 2618 2632 tuis

290 2671 624 2736 initianda
678 2670 1122 2735 sacramentis
1183 2670 1522 2756 propitius
1580 2690 1848 2755 semper
1896 2667 2212 2753 aspicias,
2262 2675 2331 2734 et
2383 2670 2620 2756 implo-

293 2776 604 2841 rantibus
662 2796 852 2861 opem
916 2781 1106 2840 tuam
1173 2771 1560 2836 misericors
1620 2770 1983 2857 largiaris3
2053 2771 2408 2857 praecipue,
2469 2794 2618 2837 cum

292 2881 497 2963 hujus
544 2880 838 2944 basilicae
887 2876 1132 2964 praesul
1183 2876 1485 2940 adscitus
1540 2874 1948 2940 venerabilis
1999 2874 2309 2940 Andreas
2357 2877 2623 2941 oblator

293 2981 570 3059 existat,
632 2983 747 3067 qui
807 2981 996 3048 beati
1056 2980 1241 3044 Petri
1304 2979 1632 3063 principis
1692 2978 2080 3062 apostolicae
2141 2977 2497 3064 dignitatis
2553 2985 2623 3045 et

290 3085 603 3150 felicibus
677 3086 832 3149 vitae
908 3083 1297 3169 primordiis
1365 3087 1436 3147 et
1511 3082 1805 3147 coelestis
1877 3082 2132 3146 honore
2206 3082 2474 3169 collegii
2526 3087 2622 3149 'et

287 3191 642 3275 magnifico
673 3193 1029 3275 permanet
1057 3187 1189 3252 fine
1220 3208 1604 3274 germanus,
1695 3187 1826 3250 Per
1861 3184 2228 3249 Christum.

375 3293 543 3351 Alia.

386 3388 470 3452 V.
531 3388 615 3452 D.
705 3389 988 3452 AEterne
1050 3385 1257 3450 Deus.
1350 3384 1454 3449 Tu
1516 3382 1787 3460 etenim,
1846 3381 2152 3458 Domine,
2202 3403 2337 3446 non
2397 3382 2614 3447 solum

293 3491 642 3575 majestati
710 3494 839 3554 tuae
906 3488 1226 3553 fabricari
1296 3487 1617 3563 sacraria,
1679 3485 2024 3569 dicarique
2095 3484 2432 3562 tribuisti3
2498 3486 2615 3550 sed

289 3600 675 3659 sanctorum
721 3612 984 3676 quoque
1029 3590 1321 3677 largitus
1368 3612 1442 3656 es
1488 3590 1752 3655 meritis
1797 3588 2142 3673 applicari,
2176 3593 2253 3651 ut
2296 3592 2367 3652 et
2407 3588 2613 3652 divini

287 3698 577 3764 nominis
643 3694 1140 3761 inchoationem
1207 3696 1536 3780 praeberet
1602 3692 1987 3757 veneranda
2056 3690 2467 3756 constructio
2543 3697 2615 3755 et

283 3801 809 3888 supplicantium
881 3799 1056 3863 votis
1122 3797 1329 3883 digna
1395 3795 1778 3882 patrocinia
1851 3815 1985 3857 non
2055 3793 2391 3857 deessent.
2482 3793 2613 3857 Per

296 3908 661 3975 Christum.

374 4010 554 4087 Infra
582 4009 877 4067 actionem.

408 4107 607 4172 Hanc
674 4122 941 4188 quoque
1008 4100 1419 4166 oblationem
1492 4096 1845 4162 servitutis
1911 4098 2157 4160 nostrae
2225 4100 2296 4158 et
2359 4098 2611 4159 cunctae

293 4209 564 4275 familiae
626 4213 777 4284 tuae,
828 4205 945 4270 sed
995 4210 1065 4270 et
1115 4203 1355 4269 famuli
1407 4201 1509 4266 tui
1558 4201 1777 4277 illius,
1832 4219 2033 4284 quam
2087 4197 2210 4262 tibi
2269 4197 2613 4261 offerimus

290 4313 620 4378 hodierna
665 4310 771 4376 die
819 4307 1343 4373 consecrationis
1391 4305 1609 4370 sancti
1654 4303 1785 4368 loci
1829 4303 2034 4386 hujus
2076 4299 2497 4365 celebrantes
2541 4300 2610 4362 in
