3117 5025
996 431 1390 495 Benedictio
1428 431 1818 511 Campana.
2441 426 2571 492 135

322 633 612 711 Sequatur
637 635 977 712 antiphona.

306 728 469 793 Vox
502 731 769 794 Domini
803 751 1007 814 super
1035 751 1270 815 aquas,
1305 730 1489 799 Deus
1523 731 1905 813 maiestatis
1953 728 2296 795 intonuit:
2343 727 2570 797 Domi-

226 852 364 894 nus
398 852 601 916 super
632 854 843 917 aquas
874 832 1153 899 multas.

325 934 421 997 In
453 943 748 1015 tempore
779 935 1140 1012 Paschalz’,
1173 933 1517 1019 Alleluya.

323 1038 442 1101 Pe.
536 1036 688 1101 Vox
722 1038 989 1102 Domini
1018 1038 1090 1105 in
1124 1039 1395 1115 virtute,
1429 1048 1495 1105 et
1527 1048 1775 1114 cetera,
1810 1058 2033 1120 usque
2062 1038 2138 1107 in
2157 1037 2391 1119 finem.

336 1139 461 1202 Pa.
551 1139 811 1204 Afferte
842 1139 1154 1207 Domino.
1462 1209 1475 1220 ‚

346 1242 614 1305 Oratio.
706 1242 1142 1325 Omnipotens
1186 1241 1592 1327 sempiterne
1623 1240 1832 1316 Deus,
1866 1239 1983 1323 qui
2015 1245 2172 1305 ante
2219 1260 2443 1305 arcam
2471 1238 2589 1305 foe-

246 1342 434 1406 deris
479 1363 602 1427 per
645 1343 1028 1428 clangorem
1079 1345 1392 1411 tubarum
1439 1364 1670 1407 muros
1719 1342 2023 1427 lapideos
2068 1342 2311 1426 quibus
2353 1341 2590 1407 adver·-

143 1478 190 1543 μ,
252 1445 552 1509 santium
599 1446 996 1530 cingebatur
1044 1445 1380 1510 exercitus
1435 1445 1673 1511 cadere
1726 1445 1989 1511 fecisti:
2051 1449 2129 1511 tu
2181 1445 2309 1511 hoc
2357 1443 2593 1508 tintin-

145 1546 146 1581 ³
177 1532 190 1607 ,l
251 1548 576 1612 nabulum
601 1549 854 1615 coelesti
886 1549 1424 1639 beneffidictione
1455 1549 1799 1634 perfunde,
1826 1555 1904 1613 ut
1933 1553 2089 1617 ante
2123 1548 2413 1615 sonitum
2440 1545 2588 1630 ejus

252 1649 531 1734 longius
554 1653 936 1737 effugentur
954 1651 1170 1736 ignita
1184 1651 1415 1736 jacula
1438 1652 1708 1728 inimici,
1728 1651 2195 1735 percussiones
2217 1649 2592 1725 fulminum,

255 1744 556 1835 impetus
579 1753 892 1837 lapidum,
917 1753 1223 1818 laesiones
1254 1760 1755 1836 tempestatum,
1780 1758 1858 1817 ut
1886 1753 1972 1818 ad
1996 1752 2594 1837 interrogationem

257 1855 743 1938 propheticam,
776 1855 946 1941 Quid
990 1862 1098 1920 est
1141 1856 1284 1933 tibi,
1326 1876 1530 1932 mare,
1564 1856 1740 1940 quod
1785 1855 2065 1941 fugisti}
2115 1855 2257 1919 suis
2300 1852 2593 1919 motibus

260 1977 414 2020 cum
457 1957 501 2021 J
507 1959 753 2022 ordane
798 1964 1137 2023 retroacta
1178 1959 1432 2023 fluenta
1481 1959 1954 2043 respondeant,
2004 1959 2063 2024 A
2108 1958 2280 2022 facie
2326 1956 2595 2023 Domini

263 2065 451 2123 mota
480 2066 587 2124 est
614 2066 819 2135 terra,
844 2082 886 2124 a
913 2060 1082 2124 facie
1114 2060 1240 2125 Dei
1265 2061 1497 2137 Jacob,
1522 2061 1637 2144 qui
1668 2061 2001 2125 convertit
2020 2060 2302 2125 solidam
2331 2065 2593 2143 petram

173 2128 191 2245 l,
264 2159 334 2221 in
369 2166 613 2246 stagna
643 2183 985 2246 aquarum,
1018 2168 1090 2229 et
1115 2184 1348 2246 rupem
1381 2164 1449 2227 in
1489 2163 1712 2229 fontes
1743 2184 2088 2247 aquarum.
2179 2161 2336 2226 Non
2380 2162 2594 2238 nobis,

267 2260 575 2339 Domine,
620 2285 802 2350 ergo,
848 2287 981 2330 non
1032 2265 1243 2342 nobis,
1295 2267 1412 2330 sed
1456 2266 1708 2333 nomini
1760 2272 1877 2331 tuo
1924 2265 2011 2330 da
2054 2265 2339 2350 gloriam
2395 2285 2596 2350 super

269 2366 729 2431 misericordia.
770 2373 890 2432 tua
934 2375 1003 2432 et
1050 2369 1333 2435 veritate
1377 2375 1538 2444 tua3
1587 2374 1667 2437 ut
1695 2368 1855 2452 quia
1896 2389 2191 2453 proesens
2223 2366 2590 2442 vasculum,

270 2468 449 2539 sicut
476 2469 736 2554 reliqua
779 2470 1017 2537 altaris
1063 2492 1247 2550 vasa,
1281 2492 1471 2539 sacro
1516 2472 1878 2542 chrismate
1909 2471 2217 2557 tangitur
2256 2471 2405 2554 (vel
2447 2469 2596 2538 oleo

268 2577 503 2635 sancto
549 2574 875 2658 ungitur),
921 2575 1296 2659 quicunque
1342 2575 1426 2646 ad
1474 2577 1766 2646 sonitum
1811 2574 1960 2658 ejus
2006 2574 2463 2649 convenerint,
2493 2573 2594 2640 in-

266 2674 793 2740 tercessionibus
846 2677 1066 2741 sancti
1109 2677 1198 2741 N.
1252 2677 1338 2741 ab
1383 2677 1693 2740 omnibus
1736 2676 1989 2741 inimici
2041 2677 2597 2761 temptat-ionibus

261 2774 465 2839 liberi
513 2797 776 2861 semper
816 2779 973 2842 fidei
1018 2778 1380 2844 Catholicae
1427 2779 1827 2844 documenta
1872 2783 2236 2855 sectentur,
2284 2778 2598 2844 Salvator

270 2878 524 2954 mundi,
576 2882 771 2965 cujus
822 2880 1160 2965 generalis
1212 2887 1383 2946 nutu
1441 2882 1824 2966 majestatis
1874 2882 2323 2965 disponuntur
2372 2881 2596 2947 omnia

268 3001 417 3064 quae
475 2980 621 3045 coeli
682 2983 941 3047 ambitu
1000 2984 1450 3049 continentur.
1539 2984 1668 3068 Qui
1734 3005 1884 3049 cum
1943 2984 2145 3049 Patre
2206 2991 2278 3050 et
2339 2984 2594 3071 Spiritu

279 3081 529 3146 Sancto
561 3083 734 3147 vivis
765 3089 836 3148 et
864 3105 1135 3169 regnas.

357 3181 589 3241 Deinde
642 3185 1002 3244 benedicatur
1052 3187 1359 3258 incensum,
1407 3194 1459 3245 et
1510 3195 1645 3245 tunc
1690 3187 1939 3265 imponet
1990 3189 2247 3246 materiae
2291 3189 2499 3265 iynem,
2548 3198 2599 3249 et

273 3279 655 3354 sapei-jaciens
694 3280 1015 3356 thymiama
1054 3288 1107 3338 et
1132 3282 1429 3359 myrrham
1447 3303 1472 3353 ;
1510 3281 1683 3357 eriqet
1718 3280 1958 3340 cloccam
1995 3302 2163 3361 super
2199 3282 2508 3355 incensum,
2538 3292 2604 3342 ut

272 3371 698 3446 totumfumum
724 3373 894 3431 illum
919 3374 1165 3449 colliyat,
1194 3375 1445 3433 canendo
1471 3375 1866 3452 antiphonam.

360 3467 547 3533 Deus
607 3471 676 3533 in
731 3476 966 3536 sancto
1018 3470 1131 3536 via
1181 3476 1342 3538 tua:
1405 3473 1556 3557 quis
1606 3473 1793 3536 Deus
1842 3493 2127 3558 magnus
2190 3473 2366 3539 sicut
2415 3474 2600 3540 Deus

274 3573 555 3638 noster‘t
602 3578 676 3637 tu
706 3594 781 3637 es
812 3572 997 3639 Deus
1029 3575 1141 3658 qui
1174 3574 1341 3639 facis
1370 3574 1710 3639 mirabilia
1740 3573 1948 3638 solus.

362 3675 453 3738 In
487 3684 781 3755 tempore
813 3677 1174 3754 Paschali,
1204 3676 1541 3761 Alleluya.

359 3778 481 3841 Ps.
567 3776 904 3840 Viderunt
932 3783 1001 3841 te
1033 3799 1239 3861 aquae,
1271 3788 1337 3843 et
1367 3788 1596 3843 cetera
1624 3798 1835 3862 usque
1864 3778 1940 3842 in
1955 3779 2185 3862 finem.

364 3879 490 3942 Pa.
579 3878 767 3942 Voce
799 3899 967 3943 mea.

363 3981 540 4044 Item
570 3982 882 4062 sequitur
910 3982 1161 4045 oratio.

359 4086 799 4170 Omnipotens
852 4087 1257 4171 sempiterne
1310 4086 1515 4164 Deus,
1568 4086 1948 4153 dominator
2001 4085 2290 4168 Christe,
2334 4091 2440 4155 cui
2493 4113 2598 4158 se-

265 4191 558 4256 cundum
604 4189 825 4254 carnis
871 4189 1393 4274 assumptionem
1437 4189 1796 4254 dormienti
1838 4190 1907 4252 in
1953 4189 2129 4267 navi,
2161 4189 2316 4255 dum
2362 4194 2600 4262 oborta

262 4297 637 4377 tempestas
658 4311 841 4356 mare
865 4292 1357 4366 conturbasset,
1378 4296 1446 4356 te
1468 4290 1776 4376 protinus
1798 4289 2090 4354 excitato
2114 4298 2185 4356 et
2200 4292 2591 4377 imperante,
