3117 5025
826 1168 2085 1271 PONTIFIOALE

376 1468 1466 1553 OHRISTOPHERI
1587 1469 2527 1556 BAINBRIDGE

814 1732 1456 1794 ARCHIEPISCOPI
1521 1735 2109 1798 EBORACENSIS.

945 2225 1066 2288 DE
1114 2226 1424 2291 SACRIS
1470 2229 1982 2296 ORDINIBUS.

393 2397 730 2475 Pontificale
755 2397 996 2473 requirit
1021 2397 1258 2474 officium
1285 2420 1438 2458 nosse
1456 2401 1651 2477 primo
1676 2422 1962 2461 sacrorum
2001 2421 2197 2460 causas
2232 2402 2522 2472 ordinum,
2550 2407 2611 2457 ut

311 2497 529 2573 coqnita
578 2492 794 2569 oriqine
841 2491 1268 2569 intelliyentiam
1314 2515 1501 2551 eorum
1542 2495 1835 2573 mysticam
1878 2496 1994 2574 ipse
2031 2495 2280 2574 pontifex
2323 2494 2612 2573 perfectius

313 2597 691 2666 consequatur.

1098 2750 1391 2815 CAPUT
1444 2753 1836 2817 PRIMUM.

399 2922 766 2984 Ordinandus
793 2929 920 2979 ante
947 2922 1167 2981 ordinis
1191 2925 1585 3002 susceptionem
1625 2946 1837 3002 semper
1874 2925 2260 3003 confessionem
2292 2930 2617 3002 proeparet5

317 3021 401 3078 xl.
430 3019 509 3077 di.
539 3036 662 3094 cap.
691 3014 914 3074 ultimo·
996 3015 1080 3074 In
1097 3025 1316 3094 peccato
1339 3019 1571 3076 mortali
1585 3041 1695 3077 non
1718 3021 1941 3077 accedat
1962 3042 1985 3091 ;
2026 3020 2137 3079 Ex.
2167 3021 2240 3079 de
2265 3018 2622 3096 temporibus

320 3113 443 3174 ord.
523 3110 619 3169 Ad
645 3129 834 3168 aures.
919 3110 1185 3168 Primam
1230 3119 1520 3170 tonsuram
1561 3134 1676 3171 non
1711 3114 1974 3189 neyliyat.
2059 3115 2274 3173 Nullus
2312 3112 2621 3182 ordinetur,

317 3212 440 3271 nisi
465 3204 811 3268 examinatio
832 3205 1113 3281 praecedat
1135 3228 1158 3277 ;
1199 3206 1342 3265 xliii.
1374 3208 1453 3266 di.
1485 3228 1593 3285 per
1621 3216 1822 3267 totam.
1905 3209 2041 3267 Non
2070 3208 2429 3286 accipiantur
2454 3207 2628 3264 simul

319 3307 563 3366 minores
609 3300 831 3358 ordines
879 3321 1003 3357 cum
1058 3301 1484 3375 subdiaconatu,
1532 3324 1631 3361 nec
1677 3304 1848 3361 etiam
1893 3305 2007 3363 duo
2054 3303 2277 3362 ordines
2322 3302 2494 3360 simul
2537 3302 2632 3360 sed

321 3399 655 3481 yradatim;
688 3395 804 3466 Ex.
835 3396 908 3456 de
949 3404 1212 3475 tempore
1243 3399 1366 3456 ord.
1412 3400 1526 3459 Per
1568 3398 1781 3458 literas·
1864 3399 1999 3457 Non
2021 3420 2126 3476 per
2151 3399 2360 3456 saltum
2387 3397 2634 3474 accipiat

325 3497 452 3578 quis
480 3492 780 3561 ordinem;
821 3490 939 3549 xlii.
973 3492 1052 3549 di.
1083 3512 1206 3570 cap.
1236 3492 1297 3550 ii.
1384 3491 1522 3551 Non
1560 3494 1631 3550 ab
1671 3492 1788 3550 alio
1825 3493 2072 3569 episcopo
2101 3513 2273 3570 quam
2311 3513 2410 3549 suo
2430 3514 2453 3563 ;
2496 3513 2630 3550 xxv.

325 3596 403 3655 di.
438 3585 732 3650 Perleotis.
818 3587 953 3645 Non
989 3596 1181 3645 contra
1208 3588 1454 3665 episcopi
1483 3587 1945 3665 prohibit-ionem,
1973 3608 2069 3644 nec
2106 3587 2226 3645 sine
2268 3588 2432 3645 titulo
2457 3609 2479 3658 ;
2520 3587 2630 3645 Ex,

329 3693 402 3751 de
447 3689 570 3747 vita
624 3692 683 3742 et
731 3683 1031 3742 honestate
1079 3682 1431 3741 clericorum.
1517 3682 1660 3741 Cum
1714 3682 2017 3739 secundum
2066 3683 2413 3760 apostolum.
2500 3682 2636 3740 Non

317 3786 535 3863 furtive
557 3806 580 3855 ;
625 3783 738 3841 Ex,
772 3780 843 3838 de
891 3799 978 3839 eo,
1025 3779 1123 3855 qui
1162 3778 1374 3836 furtive
1420 3778 1542 3836 ord.
1628 3798 1751 3855 cap.
1804 3777 1820 3833 i
1868 3785 1928 3835 et
1969 3777 2031 3835 ii.
2114 3777 2377 3850 Missam,
2417 3778 2483 3834 in
2523 3799 2635 3854 qua

335 3882 629 3942 ordinatus
649 3887 742 3950 est,
765 3875 1009 3934 totaliter
1029 3875 1252 3934 audiat.
1339 3872 1569 3951 Tanyat
1594 3873 1809 3943 omnia,
1842 3893 1963 3949 quoe
1989 3881 2119 3931 sunt
2139 3875 2440 3949 tanyenda,
2469 3894 2639 3931 unus-

338 3977 566 4056 quisque
583 3973 646 4031 in
672 3972 766 4030 sui
785 3969 1005 4028 ordinis
1032 3968 1367 4047 susceptione
1391 3990 1413 4040 ;
1455 3989 1591 4026 xxv.
1621 3967 1698 4025 di.
1732 3966 2024 4027 PerlectiS.
2110 3965 2251 4025 Non
2274 3968 2501 4026 accedat
2527 3969 2644 4024 nisi

342 4068 655 4131 licentiatus
692 4074 741 4124 et
776 4071 1185 4142 praesentatus;
1235 4063 1344 4120 Ex.
1396 4063 1467 4122 de
1523 4071 1695 4121 scrut.
1742 4083 1861 4140 cap.
1911 4062 2137 4121 ultimo.
2223 4061 2469 4137 Jejunus
2515 4071 2564 4119 et
2608 4085 2644 4119 a

516 4164 704 4227 Pont.
747 4163 785 4224 1
