3117 5025
1014 366 1451 430 Consecratio
1495 366 1870 450 Viryinum.
2474 363 2599 428 167

367 567 527 631 Ista
558 571 791 635 oratio
822 571 1088 639 dicitur
1121 571 1422 655 leyendm
1455 573 1601 636 sine
1632 570 1929 635 Oremus.

369 670 814 757 Beneuquicat
853 676 923 735 te
964 671 1152 736 Deus
1198 673 1422 749 Pater,
1468 679 1539 737 et
1580 671 1820 749 Filius,
1854 676 1923 735 et
1971 669 2267 754 Spiritus
2312 670 2600 736 Sanctus

282 772 463 834 omni
483 773 1024 859 beneffldictione
1049 774 1409 858 spirituali,
1430 779 1507 840 ut
1528 794 1805 839 maneas
1828 774 2236 858 incorrupta,
2258 773 2603 851 inviolata,

284 879 354 938 et
397 875 851 951 immaculata,
887 877 1010 940 sub
1055 877 1463 943 vestimento
1494 880 1745 942 sanctae
1775 875 2021 941 Mariae·
2055 875 2304 940 Matris
2334 874 2603 940 Domini

287 977 502 1040 nostri
532 976 575 1041 J
579 998 698 1041 esu
731 976 1008 1043 Christi.
1098 979 1332 1042 Amen.

370 1078 777 1162 Requiescat
810 1099 1015 1164 super
1043 1085 1111 1144 te
1145 1079 1437 1164 Spiritus
1468 1078 1881 1164 septiformis
1912 1077 2060 1157 Dei,
2094 1077 2386 1163 Spiritus
2429 1080 2604 1165 sapi-

283 1182 479 1246 entiae
526 1188 597 1247 et
638 1180 1047 1260 intellectus,
1085 1183 1380 1267 Spiritus
1416 1182 1679 1247 consilii
1725 1187 1796 1246 et
1838 1182 2281 1258 fortitudinis,
2313 1182 2609 1267 Spiritus

288 1285 582 1350 scientiae
607 1293 673 1350 et
697 1286 995 1371 pietatm,
1015 1286 1280 1370 repleat
1302 1292 1370 1351 te
1398 1287 1690 1372 Spiritus
1708 1285 1974 1351 timoris
1992 1284 2282 1349 Domini.
2369 1288 2606 1352 Amen.

373 1388 849 1474 Fragilitatem
909 1395 1095 1455 tuam
1159 1390 1484 1455 Dominus
1545 1389 1826 1454 solidet:
1888 1389 2041 1453 fidei
2101 1390 2482 1455 constantia
2539 1396 2610 1455 te

286 1493 579 1568 roboret,
636 1491 1059 1576 validamque
1121 1493 1490 1570 confirmet,
1541 1493 1814 1584 pietate·
1857 1491 2126 1569 allevet,
2180 1491 2611 1556 miseratione

286 1598 658 1657 conservet.
746 1596 982 1658 Amen.

370 1696 671 1760 Mentem
701 1700 890 1761 tuam
920 1701 1137 1782 regat,
1168 1696 1315 1763 vias
1360 1701 1516 1762 tuas
1544 1696 1819 1783 dirigat,
1849 1697 2294 1783 cogitationes
2341 1700 2610 1762 sanctas

285 1799 355 1863 in
384 1805 452 1862 te
484 1799 821 1863 instituat.
909 1802 1149 1864 Amen.
1425 1796 1428 1801 '

369 1901 583 1964 Actus
624 1905 782 1966 tuos
829 1902 1088 1985 probet,
1135 1922 1339 1986 opera
1384 1903 1562 1966 bona
1606 1900 1676 1964 in
1725 1905 1795 1965 te
1839 1901 2163 1985 perficiat,
2209 1901 2493 1967 caritate
2538 1905 2607 1967 te

282 2001 580 2079 aedificet,
624 2003 960 2087 sapientia
1000 2008 1071 2068 te
1115 2002 1474 2081 illuminet,
1518 2002 1836 2068 castitate
1880 2009 1950 2067 te
2003 2004 2285 2080 muniat,
2331 2004 2613 2069 scientia

283 2109 355 2168 te
385 2104 703 2168 instruat.
793 2107 1031 2169 Amen.

369 2208 451 2270 In
483 2207 737 2272 virtute
768 2207 1193 2292 multiplicet,
1224 2206 1293 2271 in
1327 2208 1689 2273 sanctitate
1723 2205 2065 2285 sublimet,
2095 2206 2180 2271 ad
2213 2207 2603 2291 patientiam

284 2314 355 2374 te
414 2315 768 2395 praeparet,
829 2310 915 2376 ad
984 2309 1431 2376 obedientiam
1497 2315 1568 2376 te
1630 2311 1897 2387 subdat,
1954 2317 2026 2375 et
2085 2309 2471 2374 humilitate
2537 2315 2606 2373 te

282 2417 695 2496 prosternat.
785 2414 1023 2477 Amen.

363 2515 471 2579 Ad
517 2517 1000 2580 continentiam
1045 2516 1165 2581 tibi
1215 2516 1332 2581 det
1373 2516 1865 2593 fortitudinem,
1896 2515 2137 2581 reddat
2179 2525 2249 2580 te
2297 2515 2609 2591 sobriam,

280 2623 601 2702 protegat
626 2623 692 2682 te
721 2619 1051 2703 pudicam,
1075 2620 1145 2682 in
1175 2619 1568 2683 infirmitate
1601 2620 1853 2694 visitet,
1878 2619 1947 2682 in
1978 2619 2210 2683 dolore
2234 2624 2303 2684 te
2333 2617 2613 2694 relevet,

279 2719 348 2781 in
398 2720 777 2784 tentatione
822 2727 891 2785 te
940 2722 1177 2807 erigat,
1224 2721 1294 2784 in
1348 2720 1858 2785 conversatione
1910 2720 2268 2797 custodiat,
2312 2721 2382 2783 in
2424 2740 2614 2806 pros-

277 2823 576 2905 peritate
623 2826 691 2886 te
737 2828 1089 2907 temperet,
1135 2823 1204 2886 in
1250 2823 1598 2888 iracundia
1640 2822 1927 2908 mitiget,
1958 2822 2386 2906 iniquitatem
2430 2823 2499 2886 in
2545 2828 2614 2887 te

280 2925 620 2990 emendet.
708 2928 947 2991 Amen.

371 3027 698 3093 Infundat
757 3028 828 3091 in
894 3034 965 3093 te
1032 3028 1347 3113 gratiam,
1408 3025 1714 3092 remittat
1775 3026 1903 3092 tibi
1972 3028 2286 3104 offensas,
2349 3028 2609 3093 tribuat

271 3131 723 3215 disciplinam,
777 3137 853 3196 ut
903 3132 1010 3195 his
1069 3136 1142 3195 et
1192 3127 1524 3194 similibus
1584 3129 1949 3194 virtutibus
2001 3129 2176 3193 fulta
2234 3137 2305 3195 et
2358 3131 2608 3195 sanctis

275 3234 601 3319 operibus
658 3234 1024 3311 illustrata,
1084 3231 1207 3296 illa
1267 3251 1532 3316 semper
1591 3231 1864 3295 studeas
1924 3251 2148 3316 agere,
2203 3252 2347 3314 quae
2407 3232 2613 3316 digna

275 3336 453 3399 fiant
483 3335 627 3399 Deo
658 3336 729 3399 in
761 3341 1009 3400 aeterna
1038 3334 1595 3398 remuneratione.
1685 3334 1920 3396 Amen.

374 3436 578 3500 Illum
625 3437 879 3502 habeas
910 3440 1155 3500 testem
1202 3456 1396 3518 quem
1443 3434 1761 3499 habitura
1803 3455 1876 3498 es
1912 3433 2227 3516 judicem,
2260 3436 2463 3516 atque
2508 3434 2607 3500 ita

276 3544 522 3623 aptare
569 3544 638 3604 te
670 3540 868 3605 stude
913 3544 991 3603 ut
1019 3536 1526 3622 praefulgentem
1572 3536 1642 3599 in
1688 3556 1889 3599 manu
1932 3543 2163 3621 gestes
2208 3535 2604 3619 lampadem,

279 3641 516 3725 sicque
575 3640 917 3705 intratura
980 3639 1208 3722 sponsi
1268 3638 1665 3715 thalamum,
1729 3658 2040 3702 occurras
2101 3637 2397 3702 venienti
2456 3660 2605 3708 cum

277 3743 556 3828 g'audi0‚
588 3747 666 3806 ut
708 3741 873 3806 nihil
921 3741 989 3804 in
1033 3748 1101 3805 te
1146 3741 1441 3824 reperiat
1481 3739 1803 3817 foetidum,
1836 3739 2005 3803 nihil
2051 3741 2410 3818 sordidum,
2442 3741 2610 3805 nihil

280 3845 643 3921 incultum,
690 3844 859 3911 nihil
905 3847 1315 3928 corruptum,
1358 3841 1527 3905 nihil
1573 3843 2018 3919 inhonestum,
2066 3844 2184 3908 sed
2233 3844 2494 3910 niveam
2542 3851 2612 3910 et

281 3947 640 4011 candidam
709 3947 1020 4022 animam,
1090 3965 1461 4029 corpusque
1537 3943 1826 4009 lucidum
1893 3950 2093 4029 atque
2170 3946 2610 4030 splendidum.

281 4050 532 4113 Amen.

374 4152 619 4234 Itaque
665 4170 812 4213 cum
866 4149 1011 4213 dies
1064 4149 1179 4213 ille
1230 4148 1620 4213 tremendus
1672 4149 2232 4214 remunerationis
2268 4150 2608 4233 justorum

273 4252 758 4318 retributionis
813 4251 1140 4317 malorum
1194 4251 1560 4327 advenerit,
1614 4272 1748 4315 non
1801 4252 2099 4317 inveniat
2159 4252 2227 4315 in
2281 4261 2353 4317 te¹
2404 4253 2611 4319 ultrix
