3117 5025
591 355 724 420 224
1392 360 1792 425 Benedictio
1821 358 2123 443 Reyinoe.

682 562 1086 629 Benedictio
1115 584 1381 628 coronoe
1409 561 1595 628 Deus
1623 567 1891 629 tuorum
1920 583 2182 641 corona,
2214 572 2281 629 et
2309 573 2556 641 cetera,
2585 574 2665 630 ut
2691 585 2914 647 supra

596 666 672 729 in
709 666 1167 730 Coronationc
1197 668 1427 751 Reyis.

675 767 844 839 Item,
876 769 943 828 in
982 769 1171 828 eodem
1209 770 1412 828 ordine
1451 769 1530 827 ad
1568 789 1785 828 coronae
1820 768 2260 846 impositionem,
2282 777 2585 848 postquam
2626 769 2910 830 benedicta

581 863 790 939 suerit,
820 865 1197 924 coronabitur.

681 960 925 1045 Accipe
957 980 1267 1024 coronam
1311 958 1560 1045 gloriae,
1593 958 1908 1023 honorem
1946 959 2410 1043 jocunditatis,
2441 964 2519 1024 ut
2564 958 2912 1045 splendida

589 1060 854 1147 fulgeas
886 1066 956 1127 et
984 1067 1234 1127 aeterna
1264 1061 1715 1126 exsultatione
1747 1062 2105 1127 coroneris.

670 1165 871 1240 Alia.
994 1164 1223 1228 Officio
1283 1163 1709 1249 indignitatis
1768 1185 1928 1229 meae
1989 1166 2059 1229 in
2118 1165 2421 1250 reginam
2481 1163 2901 1230 sollemniter

588 1268 960 1345 benedicta,
1006 1268 1230 1353 accipe
1275 1288 1590 1332 coronam
1636 1268 1886 1353 regalis
1940 1268 2351 1334 excellentiae
2406 1290 2547 1353 quae
2599 1268 2763 1332 licet
2816 1268 2905 1333 ab

590 1371 907 1458 indignis,
940 1368 1432 1458 episcopalibus
1461 1374 1690 1435 tamen
1735 1371 2067 1448 manibus,
2099 1372 2303 1456 capiti
2336 1376 2454 1437 tuo
2498 1371 2905 1454 imponitur;

590 1475 764 1539 unde
813 1475 987 1540 sicut
1030 1473 1332 1540 exterius
1375 1493 1540 1537 auro
1587 1477 1658 1537 et
1700 1473 1985 1558 gemmis
2029 1474 2342 1542 redimita
2384 1474 2659 1551 emines,
2691 1473 2791 1538 ita
2836 1477 2907 1537 et

589 1577 875 1641 interius
923 1596 1087 1641 auro
1139 1574 1484 1659 sapientiae
1545 1574 2003 1659 virtutumque
2056 1577 2337 1660 gemmis
2397 1576 2699 1641 decorari
2751 1597 2905 1639 con-

590 1680 848 1756 tendas,
880 1683 1213 1762 quatenus
1243 1683 1397 1763 post
1442 1699 1752 1744 occasum
1782 1678 1986 1760 hujus
2018 1679 2240 1746 saeculi
2284 1699 2436 1743 cum
2464 1678 2905 1763 prudentibus

592 1783 963 1867 virginibus
994 1802 1239 1865 sponso
1281 1780 1556 1864 perenni
1598 1780 1884 1844 Domino
1929 1785 2162 1844 nostro
2192 1780 2358 1845 Jesu
2405 1780 2675 1845 Christo
2705 1781 2906 1866 digne

587 1890 660 1951 et
724 1884 1153 1949 laudabiliter
1217 1903 1598 1959 occurrens,
1664 1883 1919 1967 regiam
1987 1881 2279 1948 coelestis
2345 1882 2513 1950 aulae
2579 1882 2903 1947 merearis

588 1988 851 2073 ingredi
889 1987 1186 2071 januam,
1231 1987 1602 2052 auxiliante
1647 1984 1934 2049 Domino
1978 1990 2211 2050 nostro
2254 1984 2421 2050 Jesu
2465 1984 2758 2063 ChristO,
2790 1985 2905 2069 qui

587 2114 734 2157 cum
766 2092 911 2157 Deo
962 2091 1164 2156 Patre
1196 2096 1267 2155 et
1313 2090 1570 2174 Spiritu
1617 2089 1861 2156 Sancto
1892 2088 2063 2154 vivit
2102 2094 2173 2153 et
2209 2093 2451 2174 regnat
2480 2110 2600 2173 per
2642 2088 2906 2155 infinita

591 2192 833 2257 saecula
864 2193 1275 2257 saeculorum.
1364 2193 1604 2258 Amen·

680 2296 945 2361 Oratio.
1037 2295 1366 2367 Omnium,
1418 2293 1725 2369 Domine,
1784 2293 1937 2356 fons
1997 2293 2323 2358 bonorum
2383 2296 2453 2357 et
2511 2299 2900 2360 cunctorum

585 2397 782 2462 dator
811 2397 1252 2483 profectuum,
1281 2397 1502 2462 tribue
1532 2395 1800 2461 famulae
1830 2401 1958 2459 tuae
2004 2395 2091 2459 N.
2125 2396 2435 2479 adeptam
2465 2395 2634 2460 bene
2665 2417 2898 2480 gerere

584 2502 1002 2589 dignitatem,
1034 2505 1105 2567 et
1134 2522 1176 2566 a
1204 2505 1274 2566 te
1308 2499 1433 2566 sibi
1476 2499 1848 2585 praestitam
1887 2497 2083 2565 bonis
2126 2499 2440 2586 operibus
2469 2500 2900 2567 corroborare

588 2607 891 2693 gloriam.
980 2606 1111 2670 Per
1139 2603 1517 2669 Dominum.

3038 2590 3056 2827 ⁴
