3117 5025
1178 381 1617 444 Consecratio
1646 379 1879 464 Reyis.
2472 436 2481 445 .
2554 377 2684 446 217

357 578 715 661 splendore
760 581 962 666 regiae
1014 583 1376 668 potestatis
1427 582 1640 648 oculis
1687 582 1980 648 omnium
2024 581 2307 667 fulgeat,
2349 581 2499 646 luce
2545 580 2681 646 cla-

357 681 627 748 rissima
645 705 994 749 coruscare
1015 692 1219 770 atque
1243 685 1593 771 splendere
1614 685 1808 769 quasi
1829 683 2369 769 splendidissima
2386 682 2681 770 fulgura,

361 786 650 848 maximo
697 788 971 870 perfusa
1015 788 1265 852 lumine
1313 788 1658 864 videatur3
1706 788 1927 852 tribue
1982 786 2064 863 ei,
2113 787 2556 869 omnipotens,
2601 790 2680 849 ut

361 887 455 949 sit
488 887 895 955 fortissimus
938 896 1279 974 protector
1323 891 1559 974 patriae
1608 895 1678 953 et
1708 888 2090 954 consolator
2133 888 2571 952 ecclesiarum
2604 909 2681 951 ac

360 989 805 1054 coenobiorum
858 998 1241 1058 sanctorum
1291 993 1583 1056 maxima
1627 1013 1774 1055 cum
1820 990 2072 1074 pietate
2120 990 2371 1083 regalis
2416 990 2679 1053 munifi-

358 1093 611 1168 centiae‚
657 1100 857 1178 atque
905 1099 980 1158 ut
1031 1097 1122 1159 sit
1162 1096 1574 1161 fortissimus
1610 1115 1843 1180 regum
1886 1095 2336 1178 triumphator
2377 1094 2673 1158 hostium

360 1194 445 1256 ad
498 1196 965 1278 opprimendas
1024 1197 1314 1261 rebelles
1375 1203 1446 1260 et
1496 1217 1801 1282 paganas
1860 1196 2204 1273 nationes;
2261 1196 2480 1279 sitque
2535 1196 2675 1258 suis

355 1295 649 1360 inimicis
700 1299 869 1362 satis
919 1299 1245 1363 terribilis
1292 1321 1427 1383 prae
1478 1299 1772 1363 maxima
1818 1299 2212 1362 fortitudine
2262 1296 2515 1382 regalis
2561 1320 2677 1381 po-

357 1400 624 1475 tentiae3
671 1403 1108 1485 optimatibus
1139 1423 1401 1486 quoque
1433 1408 1638 1486 atque
1667 1400 2005 1485 praecelsis
2051 1401 2439 1484 proceribus
2471 1404 2673 1483 atque

358 1501 669 1566 fidelibus
703 1504 807 1566 sui
851 1506 1066 1589 regni,
1098 1506 1453 1571 munificus
1487 1509 1557 1569 et
1589 1505 1897 1569 amabilis
1929 1508 1999 1569 et
2037 1505 2210 1588 pius,
2243 1509 2321 1567 ut
2350 1504 2435 1567 ab
2467 1504 2676 1567 omni-

356 1604 484 1668 bus
531 1605 851 1673 timeatur
893 1612 1096 1691 atque
1143 1608 1509 1692 diligatur3
1557 1628 1756 1692 reges
1802 1628 2062 1691 quoque
2103 1606 2185 1670 de
2231 1605 2479 1671 lumbis
2524 1607 2671 1689 ejus

357 1727 479 1789 per
533 1710 991 1777 successiones
1039 1715 1417 1794 temporum
1466 1711 1847 1775 futurorum
1895 1708 2346 1795 egrediantur,
2391 1730 2672 1794 regnum

349 1809 474 1872 hoc
505 1831 739 1895 regere
771 1817 1007 1889 totum,
1041 1818 1129 1889 et,
1161 1818 1317 1897 post
1346 1812 1647 1898 gloriosa
1678 1816 1983 1896 tempora
2013 1817 2213 1899 atque
2242 1811 2471 1876 felicia
2500 1834 2665 1895 prae-

358 1912 568 1976 sentis
599 1913 773 1991 vitae,
808 1914 1056 1999 gaudia
1086 1915 1494 2000 sempiterna
1523 1914 1593 1977 in
1625 1916 1960 2000 perpetua
1977 1913 2394 1979 beatitudine
2425 1913 2672 1979 habere

355 2020 717 2079 mereatur.
807 2018 957 2082 Per.

437 2116 643 2174 Postea
669 2139 796 2176 vero
833 2126 1022 2196 caput,
1049 2125 1256 2196 pectus,
1289 2126 1340 2176 et
1378 2119 1643 2195 scapulae,
1674 2118 1955 2195 ambaeque
1995 2137 2284 2196 compayes
2311 2116 2671 2176 brachiorum

354 2210 544 2288 ipsius
570 2220 924 2287 unquantur,
953 2213 1170 2270 dicente
1197 2213 1652 2293 ‘metropolitano-

446 2305 808 2385 Unguatur
837 2312 1040 2391 caput
1069 2307 1275 2382 istud,
1307 2311 1567 2391 pectus,
1603 2305 1888 2390 scapulae
1922 2309 1991 2369 et
2021 2326 2380 2392 compages
2411 2300 2674 2370 brachi-

362 2430 554 2472 orum
584 2411 665 2472 de
698 2409 845 2474 oleo
877 2412 1315 2487 sanctificatO,
1404 2412 1620 2477 Retro
1648 2412 1942 2494 require.

437 2510 684 2571 Interim
710 2523 977 2572 cantatur
1001 2515 1432 2594 responsorium.

448 2864 548 2927 De
579 2901 608 2914 -
637 2886 751 2927 um
796 2866 850 2928 ti
895 2902 923 2914 -
967 2903 993 2914 -
1024 2903 1051 2914 -
1084 2886 1190 2928 me
1236 2869 1306 2930 et
1333 2862 1652 2930 mandata
1683 2864 1831 2947 ejus
1872 2864 2194 2941 observa3
2239 2864 2365 2929 hoc
2394 2869 2502 2931 est
2530 2886 2668 2931 om-

360 2966 469 3030 nis
501 2966 721 3030 hom0.

446 3069 865 3134 Timentibus
895 3067 1250 3133 Dominum
1295 3069 1465 3132 nihil
1510 3068 1719 3145 deest,
1752 3090 1876 3133 nec
1905 3069 2013 3132 his
2045 3069 2159 3153 qui
2194 3069 2486 3156 diligunt
2519 3092 2669 3135 eum

353 3170 426 3233 in
456 3170 780 3236 veritate:
829 3172 952 3235 hoc
983 3170 1115 3251 [est
1145 3171 1357 3235 omnis
1388 3172 1633 3257 homo.]

444 3272 582 3330 Post
609 3272 928 3330 unctionem
956 3273 1161 3331 oratio.

447 3367 652 3444 Deus,
698 3366 824 3431 Dei
872 3367 1112 3442 Filius,
1149 3367 1353 3431 Jesus
1403 3365 1736 3441 ChristuS,
1789 3364 2117 3429 Dominus
2169 3369 2420 3443 noster,
2467 3367 2583 3450 qui
2633 3371 2681 3432 a'

361 3471 566 3535 Patre
597 3470 744 3534 oleo
777 3451 1249 3534 exsultationis
1280 3472 1522 3532 unctus
1553 3489 1688 3553 prae
1718 3467 2159 3552 participibus
2192 3466 2354 3542 suis,
2380 3468 2523 3556 ipse
2556 3490 2678 3554 per

358 3578 756 3657 praesentem
791 3573 965 3637 sacri
998 3571 1322 3657 unguenti
1352 3571 1777 3646 infusionem,
1806 3570 2094 3653 Spiritus
2123 3570 2444 3635 Paracliti
2476 3592 2677 3657 super

359 3680 565 3761 caput
622 3681 811 3739 tuum
870 3674 1180 3739 infundat
1239 3673 1790 3749 benedictiOnem,
1853 3671 2258 3755 eandemque
2319 3694 2532 3756 usque
2592 3676 2677 3737 ad

357 3780 687 3845 interiora
716 3780 935 3844 cordis
982 3779 1081 3842 tui
1114 3784 1469 3863 penetrare
1516 3779 1744 3854 faciat,
1778 3782 2110 3861 quatenus
2141 3778 2266 3841 hoc
2310 3778 2562 3842 visibili
2610 3784 2680 3843 et

362 3881 704 3946 tractabili
727 3882 901 3945 dono
934 3881 1297 3945 invisibilia
1341 3880 1705 3965 percipere,
1738 3883 1806 3943 et
1835 3878 2194 3962 temporali
2222 3899 2432 3965 regno
2471 3880 2681 3963 justis

358 3985 930 4067 moderationibus
954 3988 1291 4060 exsecut0,
1313 3982 1724 4048 aeternaliter
1743 4004 1892 4046 cum
1917 4003 1995 4045 eo
2020 4002 2304 4067 regnare
2330 3984 2676 4060 merearis,
2776 4067 2779 4070 Ι

367 4088 483 4171 qui
516 4086 699 4149 solus
731 4086 874 4150 sine
921 4092 1194 4170 peccato
1226 4106 1347 4149 rex
1383 4106 1617 4170 regum
1665 4083 1835 4148 vivit
1879 4087 1949 4147 et
1978 4082 2312 4167 gloriatur
2341 4106 2490 4148 cum
2534 4083 2679 4149 Deo

365 4191 569 4253 Patre
602 4188 670 4250 in
701 4188 963 4253 unitate
997 4187 1316 4272 ejusdem.

448 4290 653 4365 Deus,
687 4290 801 4372 qui
847 4311 921 4355 es
959 4290 1302 4373 justorum
1345 4287 1568 4375 gloria
1613 4292 1685 4353 et
1727 4285 2189 4351 misericordia
2233 4289 2680 4369 peccatorum,

542 4393 733 4457 Pont.
763 4392 846 4458 27
