3117 5025
510 429 595 497 88
1263 430 1627 494 Dedicatio
1663 429 2061 493 C'oemeterii.

481 622 869 707 corporibus
912 640 1172 705 quoque
1216 619 1285 683 in
1329 620 1456 683 hoc
1498 617 1871 682 coemeterio
1916 616 2410 703 quie‘scentibus
2472 620 2544 681 et
2587 617 2820 680 tubam

483 726 680 810 primi
708 724 1092 811 archangeli
1121 724 1230 789 hic
1260 722 1830 809 exspectantibus,
1861 722 2385 788 consolationem
2427 725 2820 807 perpetuam

494 827 782 914 largitor
808 828 1168 915 impertire.

580 929 741 988 Tunc
766 937 1020 989 cantetur
1044 931 1158 989 hoec
1184 927 1518 1007 antiphona.

498 1038 2829 1201 Q

577 1218 921 1305 Exsurgat
950 1220 1049 1286 De
1080 1258 1108 1271 -
1138 1242 1218 1285 us
1250 1222 1336 1286 ad
1366 1224 1578 1288 nostri
1621 1224 1836 1287 fa·mu
1868 1220 1994 1284 -la-
2025 1223 2138 1284 tus
2184 1218 2519 1301 ob-se-qui
2551 1257 2579 1268 -
2611 1241 2720 1281 um
2753 1225 2828 1285 et
2935 1244 2940 1250 ·

491 1477 564 1542 in
620 1479 717 1543 lo·
747 1500 824 1544 co
857 1486 1086 1545 sancto
1153 1502 1190 1545 e
1215 1479 1373 1562 -jus
1403 1481 1448 1544 fi
1480 1518 1506 1531 -
1537 1487 1612 1546 at
1639 1479 2093 1546 be-ne-dic-ti-
2126 1500 2164 1544 o
2198 1478 2332 1543 -nis
2362 1484 2823 1564 augmentum.

934 1580 1312 1711 Ξ

585 1738 929 1803 Ρεαῐπηιε.
1018 1739 1269 1823 Ipsum.

578 1852 720 1914 Post
745 1856 859 1915 hoec
884 1856 1177 1934 episcopus-
1197 1857 1276 1915 ad
1300 1856 1638 1916 occidentem
1663 1878 1869 1929 versus,
1902 1857 2082 1915 dicat.
2121 1929 2136 1942 .

577 1949 880 2015 Oremus.
970 1950 1351 2016 Flectamus
1380 1972 1624 2037 genua.
1714 1952 2003 2017 Levate.

593 2053 856 2118 Oratio,
942 2053 1222 2117 Domine
1255 2059 1504 2131 sancte,
1538 2055 1978 2141 omnipotens,
2009 2053 2191 2118 trina
2220 2054 2544 2137 majestas
2575 2059 2645 2121 et
2686 2077 2829 2123 una

500 2154 759 2231 Deitas,
803 2155 1006 2220 Pater
1056 2162 1126 2221 et
1168 2155 1383 2220 Filius
1434 2162 1505 2222 et
1561 2157 1850 2242 Spiritus
1905 2157 2208 2231 Sanctus,
2245 2156 2528 2239 justitiae
2572 2167 2829 2236 auctor,

499 2258 706 2322 veniae
735 2257 1040 2343 largitor,
1070 2259 1390 2323 bonorum
1434 2260 1651 2336 dator,
1683 2259 2064 2324 sanctitatis
2109 2259 2317 2344 origo,
2349 2260 2832 2326 charismatum

503 2361 919 2437 distributor,
951 2361 1373 2445 omniumque
1404 2362 1488 2427 ad
1520 2368 1588 2427 te
1618 2362 2025 2426 venientium
2056 2362 2208 2446 pius
2237 2369 2562 2446 receptor,
2586 2369 2839 2448 praesta

504 2463 835 2550 propitius
879 2467 958 2529 ut
998 2464 1124 2529 hoc
1168 2465 1618 2530 coemeterium
1662 2465 1730 2529 in
1777 2466 2096 2529 honorem
2142 2464 2357 2530 sancti
2400 2466 2682 2532 nominis
2727 2469 2836 2533 tui

503 2567 943 2651 compositum
972 2569 1429 2646 beneq-dicere
1452 2573 1519 2633 et
1552 2568 2035 2647 sanctifflficare
2065 2568 2378 2653 digneris,
2400 2569 2514 2653 qui
2544 2571 2837 2636 Abrabae

508 2670 903 2754 patriarchae
959 2670 1210 2734 famulo
1269 2674 1386 2734 tuo
1437 2675 1689 2735 terram
1749 2692 1791 2735 a
1841 2670 1996 2735 filiis
2048 2671 2326 2735 Hebron
2376 2677 2835 2757 comparatam

512 2792 717 2835 causa
769 2770 1124 2856 sepulturae
1175 2772 1610 2849 benedixisti3
1666 2777 1734 2837 et
1786 2773 1900 2856 qui
1958 2771 2202 2858 populo
2256 2772 2627 2838 Israelitico
2680 2797 2840 2859 pro-

512 2872 851 2937 missionis
901 2872 1211 2937 tellurem
1263 2873 1332 2936 in
1384 2895 1521 2938 aevo
1574 2875 1922 2938 durantem
1978 2874 2386 2951 concessisti,
2430 2875 2841 2940 famulorum

514 2974 1046 3058 famularumque
1105 2980 1372 3039 tuarum
1432 2976 1819 3061 corporibus
1878 2977 1947 3039 in
1999 2977 2124 3040 hoc
2183 2979 2555 3041 coemeterio
2613 2979 2845 3061 quies·-

513 3077 835 3154 centibuS,
869 3098 1264 3160 quaesumus,
1299 3083 1373 3142 ut
1416 3079 1666 3163 quietis
1714 3079 1939 3144 sedem
1985 3083 2052 3142 et
2097 3080 2182 3143 ab
2227 3080 2406 3142 omni
2450 3080 2841 3146 incursione

514 3178 840 3242 malorum
873 3180 1226 3263 spirituum
1257 3185 1559 3245 tutamen
1588 3182 1918 3266 benignus
1947 3180 2232 3266 largitor
2262 3182 2539 3261 tribuas,
2570 3189 2649 3248 ut
2676 3189 2847 3266 post

513 3282 883 3348 animarum
913 3304 1389 3368 corporumque
1419 3286 1975 3349 resurrectionem
2000 3284 2437 3349 coadunatam
2464 3307 2610 3349 cum
2646 3308 2850 3351 sanc-

511 3386 605 3451 tis
623 3386 780 3463 tuis,
800 3391 868 3450 te
892 3386 1179 3450 donante
1203 3392 1403 3471 atque
1426 3388 1843 3464 concedente,
1862 3387 2338 3453 beatitudinem
2362 3389 2847 3475 sempiternam

511 3488 850 3574 percipere
881 3509 1270 3553 mereamur.
1358 3489 1489 3553 Per
1517 3490 1818 3554 eundem.

595 3589 746 3647 Tum
770 3598 1024 3648 cantetur
1049 3591 1165 3648 haec
1191 3591 1524 3667 antiphona.

602 3874 727 3958 Qui
771 3874 1093 3939 ha-bi-tat
1120 3875 1190 3938 in
1235 3875 1525 3960 ad-ju-to
1549 3914 1574 3926 -
1596 3875 1654 3938 ri
1687 3913 1712 3924 -
1760 3897 1799 3939 o
1887 3875 2312 3940 Al-tis-si-mi
2357 3877 2426 3941 in
2455 3883 2847 3964 pro-tec-ti-

516 3964 2288 4116 Q

520 4153 561 4196 o
593 4168 620 4180 -
651 4151 734 4195 ne
764 4129 865 4194 De
925 4166 952 4178 -
982 4130 1005 4193 i
1066 4153 1159 4195 coe
1190 4168 1218 4181 -
1248 4168 1275 4180 -
1335 4130 1386 4193 li
1445 4152 1729 4197 com-mo
1760 4169 1788 4182 -
1818 4153 1897 4198 ra
1927 4169 1954 4184 ·
1983 4134 2217 4199 bi·tur.

941 4250 1474 4370 Q

484 4389 491 4393 ’
607 4377 949 4453 Psalmue.
1040 4390 1287 4473 Ipsum.

3082 3308 3091 3615 ε
