3117 5025
506 371 633 435 348
1341 337 1742 438 Benedictio
1780 375 2003 459 παρὰ.

515 786 1247 853 BENEDIOTIONES
1275 787 1564 854 SUPER
1585 789 1763 854 REG
1777 790 1906 855 ΕΜ
1937 790 2348 856 NOVITER
2369 736 2802 856 ELEOTUM
2815 839 2829 854 .

587 1013 682 1077 Te
729 1012 1142 1089 invocamus,
1183 1011 1490 1090 Domine,
1540 1020 1774 1079 sancte
1822 1015 2050 1090 Pater,
2100 1015 2528 1100 omnipotens
2580 1018 2827 1078 aeterne

514 1114 723 1192 Deus,
751 1120 832 1180 ut
878 1117 1055 1180 hunc
1102 1115 1428 1180 famulum
1478 1122 1670 1181 tuum
1719 1118 1825 1181 ill.
1874 1138 2069 1201 quem
2114 1124 2243 1182 tuae
2284 1118 2521 1181 divinae
2567 1117 2835 1201 dispen-

516 1220 802 1284 sationis
834 1220 1261 1305 providentia
1292 1221 1357 1284 in
1406 1220 1777 1304 primordio
1822 1221 2252 1306 plasmatum,
2286 1242 2499 1305 usque
2544 1221 2628 1284 ad
2660 1221 2838 1284 hunc

513 1327 905 1408 praesentem
950 1324 1125 1389 diem
1168 1323 1457 1408 juvenili
1489 1324 1654 1387 flore
1697 1324 2037 1388 laetantem
2087 1345 2389 1388 crescere
2422 1324 2835 1399 concessisti,

515 1449 666 1491 eum
698 1432 831 1492 tuae
864 1428 1143 1512 pietatis
1174 1428 1348 1492 dono
1379 1427 1669 1492 ditatum
1717 1428 2117 1512 plenumque
2150 1428 2460 1491 veritatis
2493 1428 2722 1513 gratia
2751 1427 2833 1490 de

512 1531 621 1595 die
680 1531 752 1594 in
812 1531 987 1594 diem
1040 1552 1268 1595 coram
1326 1529 1472 1596 Deo
1526 1537 1598 1596 et
1648 1532 2033 1595 hominibus
2094 1531 2179 1595 ad
2230 1531 2510 1595 meliora.
2570 1551 2836 1615 semper

511 1635 835 1719 proficere
880 1635 1113 1710 facias,
1147 1640 1224 1698 ut
1271 1634 1512 1698 summi
1561 1635 1914 1720 regiminis
1949 1635 2218 1711 solium,
2265 1636 2490 1719 gratia
2537 1654 2830 1719 superna

513 1738 870 1823 largiente,
920 1739 1223 1822 gaudens
1275 1739 1624 1824 suscipiat,
1675 1744 1745 1803 et
1796 1738 2266 1804 misericordiae
2318 1744 2448 1801 tuae
2500 1759 2693 1800 muro
2743 1738 2828 1801 ab

508 1841 802 1905 hostium
827 1840 1242 1905 adversitate
1268 1842 1564 1925 undique
1596 1843 1920 1919 munituS,
1946 1842 2209 1927 plebem
2245 1841 2372 1904 sibi
2398 1841 2825 1905 commissam

509 1966 659 2007 cum
710 1966 873 2029 pace
922 1945 1426 2028 propitiationis
1477 1951 1545 2009 et
1599 1946 1852 2010 virtute
1903 1946 2196 2027 victoriae
2249 1945 2542 2011 feliciter
2589 1965 2825 2030 regere

510 2054 871 2112 mereatur.
961 2048 1111 2112 Per.
2260 2036 2265 2041 ’

584 2150 754 2210 Alia.

594 2249 673 2312 In
699 2249 957 2313 diebus
989 2249 1139 2333 ejus
1185 2248 1444 2314 oriatur
1489 2250 1800 2313 omnibus
1843 2251 2127 2333 aequitas
2158 2254 2229 2313 et
2262 2248 2559 2331 justitia,
2591 2249 2826 2314 amicis

504 2352 932 2436 adjutorium,
966 2353 1260 2416 inimicis
1292 2353 1737 2429 obstaculum,
1763 2354 2131 2417 humilibus
2165 2352 2502 2429 solatium,
2536 2353 2826 2418 elevatis

502 2456 858 2541 correptio,
909 2455 1234 2521 divitibus
1294 2455 1622 2532 doctrina,
1673 2458 2084 2543 pauperibus
2144 2457 2386 2543 pietas,
2447 2458 2826 2543 peregrinis

502 2560 850 2637 auxilium,
882 2561 1177 2646 propriis
1208 2561 1279 2624 in
1297 2560 1521 2645 patria
1550 2582 1683 2644 pax
1717 2567 1786 2623 et
1819 2561 2168 2625 securitas.
2260 2560 2824 2644 Unumquemque

504 2663 861 2726 secundum
922 2685 1109 2727 suam
1165 2684 1551 2727 mensuram
1607 2663 1954 2727 moderate
2006 2665 2413 2748 gubernans,
2470 2684 2542 2726 se
2596 2664 2820 2747 ipsum

505 2767 782 2831 sedulus
843 2768 1082 2843 diseat,
1135 2772 1214 2832 ut
1266 2773 1386 2832 tua
1435 2767 1762 2851 irrigatus
1823 2768 2330 2850 compunctione
2385 2767 2514 2831 toti
2572 2768 2821 2853 populo

500 2870 626 2934 tibi
656 2870 909 2956 placita
939 2872 1232 2956 praebere
1264 2871 1418 2934 vitae
1448 2871 1669 2956 possit
1699 2871 2025 2954 exempla,
2052 2877 2122 2934 et
2151 2892 2274 2956 per
2305 2871 2479 2935 viam
2513 2872 2824 2936 veritatis

500 2994 649 3035 cum
698 2994 905 3058 grege
968 2973 1094 3037 sibi
1146 2973 1416 3037 subdito
1469 2973 1807 3056 gradiens,
1856 2994 2019 3057 opes
2066 2974 2350 3059 fragiles
2398 2974 2823 3038 abundanter

502 3076 829 3159 acquirat.
922 3075 1134 3140 Simul
1169 3082 1238 3141 et
1285 3077 1575 3141 salutem
1622 3099 1752 3141 non
1798 3078 2016 3141 'solum
2064 3098 2414 3162 corporum
2464 3076 2580 3141 sed
2613 3078 2818 3141 etiam

500 3179 797 3244 cordium
830 3203 871 3245 a
902 3186 970 3245 te
1018 3202 1401 3246 concessam
1448 3181 1712 3246 cunctis
1753 3183 2059 3265 accipiat.
2153 3181 2391 3265 Sicque
2437 3181 2503 3244 in
2539 3187 2607 3246 te
2640 3183 2819 3267 cogi-

498 3287 717 3347 tatum
739 3284 940 3348 animi
964 3284 1446 3368 consiliumque
1470 3306 1664 3349 omne
1685 3305 2108 3368 componens,
2127 3283 2346 3368 plebis
2364 3282 2823 3368 gubernacula.

504 3407 653 3449 cum
685 3408 850 3470 pace
885 3387 1084 3452 simul
1117 3397 1188 3451 et
1219 3388 1554 3473 sapientia
1585 3408 1849 3470 semper
1889 3387 2188 3450 invenire
2219 3387 2566 3463 videatur3
2614 3392 2818 3470 teque

503 3490 874 3554 auxiliante
920 3491 1276 3575 praesentis
1324 3492 1478 3555 vitae
1512 3490 1967 3575 prolixitatem
2004 3490 2354 3575 percipiat,
2389 3499 2456 3554 et
2498 3510 2621 3574 per
2651 3498 2817 3554 tem-

504 3593 767 3676 poralia
797 3594 972 3657 bona.
1003 3615 1213 3678 usque
1247 3595 1330 3659 ad
1366 3616 1691 3657 summam
1728 3600 2139 3657 senectutem
2179 3594 2551 3676 perveniat,
2584 3594 2818 3677 hujus-

505 3716 632 3778 que
664 3695 1063 3781 fragilitatis
1094 3698 1292 3759 finem
1328 3700 1694 3781 perfectum
1730 3698 1815 3762 ab
1847 3697 2155 3760 omnibus
2185 3696 2497 3759 vitiorum
2530 3696 2818 3760 vinculis

500 3808 631 3866 tuae
699 3803 980 3886 pietatis
1049 3802 1372 3888 largitate
1447 3803 1795 3879 liberatus,
1862 3808 1931 3866 et
1998 3802 2268 3865 infinitae
2343 3802 2817 3887 prosperitatis

507 3905 779 3988 praemia.
838 3910 1171 3989 perpetua
1231 3906 1759 3991 angelorumque
1820 3912 2069 3969 aeterna
2126 3904 2522 3968 commercia
2581 3925 2814 3968 conse-

499 4013 764 4090 quatur.
856 4008 1002 4071 Per.

583 4114 756 4172 Alia..

595 4209 803 4286 Deus,
856 4210 1217 4273 electorum
1282 4210 1606 4274 fortitudo
1660 4215 1729 4273 et
1781 4208 2129 4272 humilium
2179 4207 2524 4285 celsitudo,
2578 4208 2693 4291 qui
2742 4209 2811 4270 in

509 4313 867 4396 primordio
921 4333 1045 4396 per
1107 4313 1503 4376 effusionem
1565 4311 1801 4375 diluvii
1861 4311 2142 4376 crimina
2198 4310 2427 4374 mundi
2476 4311 2813 4395 castigare

504 4416 798 4491 voluisti,
855 4426 925 4481 et
987 4437 1109 4500 per
1165 4416 1541 4479 columbam
1597 4437 1854 4479 ramum
1918 4415 2104 4478 olivae
2151 4420 2529 4500 portantem
2581 4435 2813 4499 pacem
