3117 5025
1023 397 1390 480 Dedicat'io
1418 410 1771 479 Ecclesia.
2473 399 2559 481 '65

311 598 540 659 Deinde
578 600 864 679 episcopus
904 622 1032 661 cum
1058 603 1220 661 omni
1256 602 1400 662 clero
1426 604 1495 661 de
1530 601 1758 662 ecelesia
1797 608 1970 673 exeat,
2003 609 2055 661 et
2079 609 2316 680 sparyat
2344 623 2559 680 aquam

230 695 577 754 benedictam
616 697 857 773 inferias
900 719 1004 776 per
1041 698 1289 777 parietes
1330 699 1398 757 in
1443 698 1688 757 circuitu
1732 704 1785 756 et
1829 698 2086 775 desuper,
2129 705 2181 755 et
2226 697 2473 775 incipiat
2518 720 2557 756 a

229 789 456 848 dextera
486 800 656 869 parte
694 793 930 852 orientis
967 814 1140 873 usque
1178 794 1319 853 dum
1357 794 1572 853 iterum
1611 793 1806 852 redeat
1842 792 1912 852 in
1949 793 2239 866 orientem,
2271 794 2557 854 cantando

232 885 378 944 hane
405 887 794 964 antiphonam.
1681 894 1696 904 ²

288 1053 677 1119 Ἧ-
1111 1020 2467 1086 --Ἧ

318 1158 869 1224 Funda-men-ta·
897 1159 1132 1244 templi
1191 1161 1282 1224 hu
1313 1198 1339 1210 -
1362 1161 1480 1245 jus
1532 1161 1709 1246 ssa-pi
1738 1198 1765 1211 -
1798 1159 1967 1224 en-ti
1998 1181 2085 1224 -a
2145 1181 2285 1226 su·
2313 1181 2356 1224 a
2377 1203 2382 1206 -
2405 1160 2557 1223 fun-

228 1487 319 1552 da
345 1525 374 1538 -
406 1487 505 1552 vit
575 1486 842 1564 De-us,
893 1488 961 1552 in
1039 1508 1170 1572 quo
1215 1486 1634 1553 Do-mi-num
1680 1509 1773 1552 eoe
1823 1527 1851 1538 -
1901 1489 1949 1552 li
2047 1486 2149 1552 col
2178 1487 2209 1539 '-
2241 1461 2551 1555 laussdant

487 1710 2478 1779 ...ἓ--

233 1834 439 1901 an-ge
462 1853 490 1866 ·-
520 1853 547 1866 -
571 1814 664 1878 liz
724 1815 786 1890 si
844 1814 1019 1888 ixi-ru
1050 1853 1078 1866 ·-
1108 1821 1230 1906 ant
1257 1815 1470 1885 ven-ti
1531 1820 1603 1880 et
1659 1815 1749 1879 flu
1780 1853 1808 1878 -.
1838 1821 1956 1880 ant
1983 1815 2319 1881 flu-m'i-na
2419 1838 2555 1882 non

232 1982 2554 2126 Q

226 2135 373 2232 pos·
393 2146 552 2208 sunt
608 2163 646 2206 e
676 2179 704 2191 -
735 2164 778 2206 a
848 2162 986 2206 mo·
1005 2162 1086 2206 ve
1117 2179 1144 2191 -
1174 2163 1248 2207 re
1324 2163 1641 2228 un-quam
1671 2164 1687 2206 ε
1760 2142 1881 2206 fun
1911 2179 1933 2192 ·
1970 2141 2057 2206 da
2085 2179 2112 2191 -
2143 2147 2219 2207 ta
2290 2163 2326 2207 e
2359 2180 2385 2192 -
2416 2143 2553 2210 nim

228 2364 525 2424 2:13¹:

229 2478 271 2523 e
305 2494 336 2506 -
364 2460 520 2521 rant
562 2452 846 2540 [sup-ra]
892 2453 1180 2519 fir-mam
1211 2460 1328 2539 pet
1347 2490 1372 2502 ·
1392 2473 1560 2518 ram.

701 2594 1494 2746 Q

328 2771 677 2838 Psalmus.
764 2769 912 2833 Fun
944 2807 972 2819 -
1000 2768 1269 2834 da-men
1300 2804 1328 2820 -
1359 2772 1449 2833 ta.

327 2894 595 2972 Sequitur
620 2890 803 2951 oratio
830 2891 896 2949 in
923 2889 1129 2967 angulo
1157 2889 1407 2948 orientis.

329 2989 655 3056 Dominus
686 2986 1043 3052 vobiscum.

330 3093 421 3159 Et
450 3113 600 3156 cum
632 3088 872 3176 spiritu
901 3093 1037 3154 tuo·

333 3197 637 3261 Oremus.

333 3299 765 3382 Omnipotens
797 3295 1199 3382 sempiterne
1230 3292 1434 3374 Deus,
1459 3294 1574 3378 qui
1606 3299 1873 3362 sanetas
1902 3298 2132 3380 portas
2158 3295 2334 3381 Syon
2367 3317 2569 3380 super

240 3404 467 3471 omnia
510 3399 946 3467 tabernacula
986 3399 1196 3463 Jacob
1227 3398 1471 3483 diligis,
1503 3398 1590 3463 da
1632 3399 1807 3475 huie,
1840 3420 2234 3482 quaesumus,
2265 3398 2567 3477 Domine,

238 3507 468 3574 domui
495 3501 1090 3575 beneffldietionem
1119 3507 1307 3566 tuam
1336 3507 1406 3566 et
1434 3508 1716 3586 praesta3
1762 3507 1838 3566 ut
1879 3507 2121 3567 nostrae
2152 3502 2304 3566 fidei
2333 3503 2569 3567 funda-

235 3615 469 3677 menta
497 3607 686 3672 nulla
716 3603 1162 3691 spiritualium
1193 3603 1641 3689 nequitiarum
1670 3604 2165 3687 impedimenta,
2189 3604 2379 3671 nulla
2408 3627 2569 3671 ven·

237 3718 462 3782 torum
491 3711 761 3776 flamina
790 3713 910 3773 aut
937 3708 1085 3773 dira
1113 3708 1628 3792 temptationum
1657 3707 1935 3771 flumina
1975 3728 2269 3792 unquam
2298 3707 2569 3774 valeant

243 3817 553 3902 dejicere.
643 3814 774 3877 Per
801 3811 1180 3876 Dominum.

331 3919 583 3999 Sparqat
631 3914 869 3974 secundo
920 3915 1206 3992 episcopus
1258 3912 1464 3995 deforis
1516 3933 1627 3992 per
1674 3912 1920 3991 parietes
1976 3911 2152 3971 altius
2203 3911 2272 3972 in
2324 3912 2571 3973 circuitu

247 4015 503 4086 eeclesiae,
532 4032 661 4071 eum
686 4010 793 4069 hac
819 4009 1153 4088 antiphona.

970 4152 2548 4269 Q

334 4338 707 4421 Ex-surgat
736 4333 838 4398 De
867 4372 893 4386 ·
925 4353 1006 4398 us
1036 4332 1121 4398 ad
1160 4331 1402 4399 nos-tri
1449 4331 1518 4397 fa
1546 4369 1574 4382 -
1599 4330 1815 4396 mu-la
1844 4369 1870 4380 -
1900 4335 2013 4395 tus
2085 4328 2572 4416 ob-se·qui-um

433 4454 628 4519 Pont.
661 4454 702 4516 8
