3117 5025
564 395 693 463 310
1227 397 1331 463 De
1368 398 1743 464 Ordinibus
1781 400 2248 484 Consercndis.

1209 775 1711 842 ORDINATIO
1753 773 2246 842 AGOLYTHI.

648 961 966 1039 Acolythus
1004 982 1136 1020 cum
1175 962 1502 1034 ordinatur,
1522 960 1792 1040 primum
1832 961 1904 1020 ab
1942 962 2199 1040 episcopo
2237 961 2504 1021 doceatur
2529 961 2779 1040 qualiter
2815 963 2885 1021 in

566 1058 742 1136 officio
766 1079 867 1118 suo
907 1078 1071 1134 ayere
1094 1057 1327 1129 debean
1366 1057 1463 1115 sed
1489 1057 1561 1116 ab
1601 1055 2007 1116 archidiacono
2033 1057 2286 1135 accipiat
2325 1057 2730 1134 ceroferarium
2757 1077 2889 1115 cum

565 1173 735 1224 cereO,
759 1161 823 1212 ut
847 1152 991 1212 sciat
1016 1173 1073 1211 se
1092 1152 1172 1210 ad
1192 1152 1550 1211 accendenda
1572 1151 1808 1210 ccclesioe
1829 1151 2154 1211 luminaria
2171 1153 2521 1232 mancipari.
2604 1152 2886 1230 Accipiat

562 1257 615 1308 et
655 1249 940 1309 urceolum
981 1269 1225 1308 vacuum
1267 1248 1347 1308 ad
1381 1246 1754 1324 fimdendum
1801 1249 2000 1307 vinum
2056 1249 2124 1308 in
2179 1247 2564 1309 Eucharistia
2608 1248 2881 1328 omporia

567 1344 805 1405 Christi.

1431 1437 1716 1514 Proefatio
1740 1437 2030 1516 Aoolythi.

648 1534 1086 1620 Omnipotens
1118 1533 1518 1618 sempiterne
1566 1532 1772 1609 Deus,
1804 1532 1954 1597 fons
1986 1532 2158 1597 lucis
2205 1538 2276 1597 et
2306 1532 2496 1618 origo
2526 1532 2877 1609 bonitatis,

558 1637 675 1720 qui
705 1659 826 1721 per
853 1636 895 1701 J
902 1656 1086 1701 esum
1121 1635 1463 1701 Christum
1494 1635 1741 1699 Filium
1773 1642 1983 1712 tuum,
2016 1635 2243 1698 lumen
2277 1656 2527 1711 verum,
2558 1636 2877 1700 mundum

555 1740 978 1817 illuminasti,
1010 1739 1290 1823 ejusque
1322 1739 1661 1824 passionis
1693 1739 2014 1823 mysterio
2060 1738 2442 1815 redemisti3
2488 1739 2881 1804 benedicere

551 1843 851 1929 digneris
895 1844 1073 1908 hunc
1115 1827 1443 1908 famulum
1488 1847 1682 1906 tuum
1727 1843 1834 1906 ill.
1882 1863 2079 1927 quem
2129 1841 2198 1905 in
2245 1842 2540 1927 acolythi
2587 1843 2878 1907 officium

554 1966 1046 2022 consecramus,
1092 1951 1445 2031 poscentes
1497 1949 1687 2009 tuam
1735 1944 2180 2020 clementiam,
2226 1950 2304 2008 ut
2347 1947 2495 2029 ejus
2539 1945 2768 2010 lumen
2812 1952 2884 2011 et

555 2057 846 2115 mentem
896 2049 1177 2113 scientia
1218 2047 1546 2124 illustres,
1582 2051 1652 2111 et
1681 2047 1957 2132 pietatis
1991 2053 2120 2112 tuae
2165 2068 2317 2112 rore
2362 2048 2626 2134 irriges,
2659 2055 2739 2114 ut
2780 2050 2882 2114 ita

552 2157 942 2238 perceptum
1003 2151 1447 2216 ministerium
1509 2156 1580 2214 te
1641 2149 2011 2215 auxiliante
2073 2156 2375 2237 peragat,
2437 2150 2729 2235 qualiter
2789 2152 2877 2216 ad

552 2261 870 2322 aeternam
900 2254 1516 2319 remunerationem
1548 2254 1899 2337 pervenire
1931 2259 2292 2319 mereatur.
2382 2254 2512 2318 Per
2541 2256 2845 2320 eundem.

1367 2356 1710 2415 Benedictio
1737 2357 2027 2435 Acolythi.

635 2453 945 2531 Domine,
992 2458 1222 2519 sancte
1277 2452 1504 2528 Pater,
1551 2451 1976 2536 omnipotens
2028 2457 2277 2517 aeterne
2328 2452 2532 2529 Deus,
2582 2453 2697 2537 qui
2751 2474 2875 2539 per

549 2558 782 2623 Jesum
831 2557 1174 2623 Christum
1204 2556 1452 2621 Filium
1496 2560 1687 2620 tuum
1717 2556 1789 2618 in
1835 2557 2010 2621 hunc
2051 2557 2370 2619 mundum
2417 2556 2644 2620 lumen
2674 2556 2871 2621 clari-

547 2662 713 2727 tatis
743 2660 1010 2738 misisti,
1043 2665 1115 2725 et
1142 2660 1215 2724 in
1260 2680 1453 2724 cruce
1485 2658 1821 2741 passionis
1855 2678 1988 2722 suae
2025 2658 2439 2741 triumphum
2472 2660 2867 2744 sanguinem

552 2770 621 2829 et
650 2784 893 2848 aquam
926 2785 1010 2827 ex
1057 2763 1268 2827 latere
1301 2783 1422 2846 pro
1468 2781 1718 2846 genere
1763 2762 2055 2824 humano
2099 2761 2420 2846 dignatus
2451 2781 2526 2826 es
2569 2762 2873 2839 fundere,

549 2873 618 2932 et
662 2887 783 2950 por
827 2864 1170 2949 apostolos
1222 2871 1378 2930 tuos
1423 2865 1493 2926 in
1538 2865 1664 2928 hoc
1711 2863 1951 2928 saeculo
1990 2863 2216 2927 lumen
2261 2865 2498 2949 gratiae
2545 2866 2870 2950 spiritalis

545 2968 829 3043 misisti;
874 2968 975 3032 ita
1018 2967 1411 3031 benedicere
1460 2966 1763 3052 digneris
1814 2967 1989 3030 hunc
2035 2965 2364 3030 famulum
2407 2972 2593 3032 tuum
2641 2969 2748 3032 ill.
2797 2969 2868 3033 in

549 3071 762 3135 officio
807 3068 1099 3153 acolythi
1145 3074 1223 3133 ut
1268 3069 1409 3154 (ad)
1464 3070 1955 3134 accendendum
2009 3068 2343 3134 claritatis
2389 3070 2684 3135 ecclesiae
2736 3076 2869 3136 tuae

472 3206 475 3209 ⁴
552 3174 832 3260 (lumen)
866 3177 936 3236 et
978 3172 1063 3236 ad
1097 3172 1595 3258 suggerendum
1628 3172 1852 3236 vinum
1897 3177 1967 3236 et
1996 3192 2241 3256 aquam
2272 3172 2355 3236 ad
2386 3174 2866 3239 conficiendum

552 3277 898 3364 sanguinis
941 3276 1042 3340 tui
1089 3275 1535 3362 (mysterium)
1584 3276 1652 3340 in
1699 3275 2035 3340 offerendo
2088 3276 2562 3342 eucharistiam
2610 3279 2863 3343 sanctis

554 3381 885 3448 altaribus
929 3380 1069 3443 tuis
1098 3379 1390 3444 fideliter
1434 3378 1923 3443 subministret.
2014 3378 2347 3455 Accende,
2378 3379 2680 3457 Domine,
2712 3381 2863 3464 ejus

549 3489 843 3549 mentem
904 3486 975 3546 et
1034 3483 1237 3547 corda
1296 3481 1379 3545 ad
1440 3481 1691 3545 amoris
1750 3480 1851 3545 tui
1921 3479 2193 3544 coeleste
2253 3482 2436 3566 (sic)
2497 3487 2564 3547 et
2623 3484 2862 3569 gratiae

547 3584 1002 3667 miserationis
1037 3589 1167 3649 tuoe
1203 3584 1454 3648 virtute
1478 3584 1826 3648 confirma.
1919 3582 2066 3647 Per.
