3117 5025
549 407 679 472 338
1267 409 1791 475 Benedictiones
1823 408 2161 473 Diversae.

1247 754 1431 821 BEN
1433 753 1801 821 EDIGTIO
1847 753 2191 822 ORUGIS.

646 942 994 1030 Rogamus
1052 949 1143 1022 te,
1203 944 1513 1021 Domine,
1570 950 1804 1011 sancte
1865 945 2092 1022 Pater,
2153 946 2579 1030 omnipotens
2638 947 2886 1010 aeterne

556 1048 766 1124 Deus,
811 1054 890 1113 ut
934 1048 1239 1134 digneris
1286 1048 1680 1113 benedicere
1727 1049 1853 1113 hoe
1894 1047 2156 1134 lignum
2202 1050 2425 1114 erucis
2469 1056 2625 1126 tuae,
2671 1053 2748 1112 ut
2795 1048 2890 1112 sit

557 1152 925 1217 remedium
950 1153 1252 1218 salutare
1275 1153 1506 1238 generi
1537 1153 1854 1230 humano,
1880 1153 1972 1219 sit
1996 1153 2308 1219 soliditas
2338 1153 2518 1230 fidei,
2542 1152 2888 1239 profectus

559 1260 883 1325 bonorum
939 1280 1234 1345 operum,
1280 1259 1655 1344 redemptio
1708 1258 2110 1338 animarum,
2155 1260 2490 1346 protectio
2543 1280 2623 1324 ae
2669 1257 2893 1323 tutela

558 1368 799 1430 contra
831 1384 1010 1429 saeva
1032 1363 1266 1448 jacula
1296 1362 1743 1427 inimieorum.
1834 1362 1987 1426 Per.

647 1467 814 1526 Alia.

683 1563 995 1639 Benedie,
1050 1562 1356 1639 Domine,
1404 1563 1582 1626 hano
1641 1583 1906 1626 erucem
1968 1567 2176 1638 tuam,
2234 1582 2318 1624 ex
2378 1582 2513 1644 qua
2573 1558 2887 1644 eripuisti

562 1666 882 1731 mundum
938 1687 980 1730 a
1031 1669 1372 1749 potestate
1434 1665 1811 1729 daemonum
1873 1669 1941 1729 et
1997 1665 2339 1748 superasti
2393 1664 2710 1749 passione
2764 1668 2889 1726 tua

561 1766 1029 1854 suggestorem
1105 1769 1385 1853 peccati,
1455 1768 1570 1853 qui
1644 1768 1988 1853 gaudebat
2060 1768 2611 1852 praevaricatione
2686 1765 2889 1850 primi

560 1874 894 1950 hominis;
942 1872 1165 1936 tristis
1219 1870 1395 1935 enim
1448 1873 1725 1936 demisit
1767 1893 1897 1957 per
1951 1871 2211 1957 lignum
2267 1872 2486 1937 crucis
2538 1876 2670 1934 tuae
2723 1889 2890 1951 quos

564 1976 877 2041 seductos
907 1976 1147 2039 habuit
1178 1997 1299 2061 per
1329 1976 1588 2061 lignum
1623 1976 1932 2040 vetitum.
2022 1977 2173 2040 Per.

646 2079 1008 2156 Antiphona.

649 2175 827 2240 Ecce
859 2175 1118 2258 lignum
1152 2173 1393 2252 erucis,
1425 2174 1496 2236 in
1530 2195 1662 2258 quo
1697 2174 1885 2238 salus
1916 2175 2143 2238 mundi
2176 2174 2517 2259 pependit,

653 2278 927 2354 Venite,
960 2277 1336 2341 adoremus.

655 2381 999 2445 Psalmus.
1088 2380 1295 2458 Deus,
1328 2381 1669 2444 miserere.

647 2486 817 2546 Alia.

684 2582 1131 2665 Omnipotens
1194 2581 1606 2665 sempiterne
1671 2582 1882 2659 Deus,
1945 2581 2059 2666 qui
2120 2602 2242 2666 per
2308 2581 2564 2665 lignum
2628 2579 2895 2662 perdito

566 2685 813 2749 mundo
877 2685 1141 2770 lignum
1209 2684 1692 2769 redemptionis
1760 2691 1947 2750 tuam
2020 2706 2283 2749 erucem
2352 2684 2895 2769 praedestinasti3

566 2809 968 2874 quaesumus,
1023 2795 1101 2851 ut
1148 2788 1538 2852 benedicere
1593 2788 1895 2872 digneris
1955 2790 2081 2851 hoe
2141 2788 2402 2872 lignum
2456 2785 2897 2850 similitudine

564 2894 786 2957 erucis
819 2897 950 2955 tuae
985 2893 1351 2977 signatum,
1385 2897 1455 2956 et
1488 2913 1791 2977 praepara
1822 2893 1889 2955 in
1925 2914 2003 2955 eo
2036 2892 2173 2956 tuis
2207 2890 2518 2955 fidelibus
2549 2891 2896 2965 virtutem,

564 2994 858 3058 inimicis
918 3000 1145 3059 autem
1199 2995 1646 3071 obstaculum,
1703 3004 1772 3060 et
1827 2996 2208 3080 augendum
2260 2994 2517 3058 nomini
2569 3000 2688 3058 tuo
2751 3014 2895 3057 ere-

568 3100 869 3164 dentium
905 3100 1178 3162 chorum
1213 3100 1466 3164 virtute
1499 3100 1776 3165 eoelesti.
1868 3102 2019 3165 Per.

689 3329 1248 3395 BENEDIOTIO
1296 3330 1589 3395 SUPER
1633 3331 1877 3396 VASA
1923 3332 2028 3395 IN
2076 3330 2303 3396 LOCO
2347 3327 2759 3412 ANTIQUO

1501 3434 1940 3499 REPERTA.

657 3624 1098 3708 Omnipotens
1146 3623 1552 3707 sempiterne
1600 3623 1856 3702 Deus,'
1840 3645 2066 3688 msere
2111 3629 2182 3688 te
2229 3621 2462 3687 officiis
2507 3619 2786 3691 nostris,
2818 3626 2903 3684 ut

571 3728 708 3790 haeo
733 3726 1026 3802 vascula,
1054 3732 1200 3790 arte
1224 3727 1555 3791 fabricata
1574 3728 1951 3813 gentilium,
1979 3727 2419 3791 sublimitatis
2441 3731 2571 3789 tuae
2591 3724 2903 3808 potentia

561 3832 662 3894 ita
722 3831 1087 3894 emundare
1149 3831 1475 3916 digneris,
1537 3839 1616 3895 ut-
1664 3833 1841 3896 omni
1906 3831 2335 3895 immunditia
2394 3828 2699 3913 depulsa,
2754 3827 2899 3891 sint

569 3932 883 3996 fidelibus
943 3934 1084 3997 tuis
1149 3938 1453 4019 tempore
1515 3936 1703 4018 pacis
1765 3941 1971 4019 atque
2039 3932 2562 4017 tranquillitatis
2621 3929 2900 3994 utenda.

574 4036 724 4099 Per.
