3117 5025
1112 397 1552 462 Consecratio
1587 399 1820 483 Reqia.
2446 398 2576 462 221

347 597 512 656 Tunc
537 596 768 656 dicatur
784 620 954 678 super
978 620 1105 659 eum
1132 600 1458 660 benedictiO.

352 693 718 759 Benedicat
746 695 874 759 tibi
903 695 1090 760 Deus
1121 698 1591 781 custodiatque
1623 700 1715 772 te,
1740 700 1809 760 et
1840 696 2015 761 sicut
2043 700 2112 761 te
2143 696 2363 761 voluit
2393 717 2594 782 super

253 797 583 881 populum
618 819 811 862 suum
843 820 993 864 esse
1038 821 1292 886 regem,
1323 801 1422 865 ita
1467 802 1536 864 in
1576 800 1892 884 praesenti
1938 801 2181 865 saeculo
2209 801 2470 865 felicem
2520 806 2587 864 et

259 904 529 964 aeternae
558 901 907 966 felicitatis
939 903 1198 968 tribuat
1227 924 1378 967 esse
1410 910 1811 968 consortem.
1904 905 2138 967 Amen.

357 1000 627 1065 Clerum
689 1024 766 1067 ac
827 1004 1168 1089 populum,
1223 1025 1421 1089 quem
1482 1025 1609 1069 sua
1665 1005 1884 1070 voluit
1943 1005 2410 1091 opitulatione,
2467 1010 2590 1069 tua

259 1104 616 1168 sanctione
648 1108 1065 1192 congregari,
1093 1128 1217 1172 sua
1247 1108 1746 1191 dispensatione
1772 1114 1842 1172 et
1862 1112 1984 1173 tua
2007 1108 2590 1171 administratione

255 1227 389 1290 per
418 1207 741 1272 diuturna
771 1216 1077 1293 tempora
1104 1209 1316 1274 faciat
1343 1210 1637 1274 feliciter
1667 1210 2054 1295 gubernari.
2144 1210 2381 1273 Amen.

352 1308 698 1392 Quatenus
742 1310 989 1375 divinis
1030 1313 1305 1376 monitis
1350 1318 1689 1397 parentes,
1722 1311 2238 1375 adversantibus
2286 1312 2593 1376 omnibus

257 1416 593 1489 carentes,
626 1413 819 1476 bonis
848 1414 1157 1477 omnibus
1189 1415 1658 1506 exuberantes,
1695 1420 1806 1478 tuo
1838 1413 2121 1497 imperio
2150 1412 2333 1475 fideli
2363 1433 2588 1477 amore

257 1522 336 1578 et
366 1515 646 1599 imperio
678 1519 1147 1601 obsequentes,
1180 1523 1248 1582 et
1277 1518 1347 1580 in
1379 1518 1694 1601 praesenti
1726 1516 1963 1581 saeculo
1993 1517 2179 1602 pacis
2207 1517 2589 1601 tranquilli-

253 1623 406 1683 tate
457 1620 774 1685 fruantur
823 1627 895 1685 et
945 1627 1167 1686 tecum
1227 1627 1629 1686 aeternorum
1681 1622 1926 1686 civium
1986 1621 2325 1687 consortio
2376 1621 2585 1707 potiri

257 1729 669 1787 mereantur.
757 1726 996 1788 Amen.

354 1819 540 1903 Quod
571 1822 716 1907 ipse
748 1831 1068 1908 praestare
1090 1823 1428 1909 dignetur.

352 1922 666 1983 Coronatus
692 1934 878 1983 autem
918 1926 1193 1985 osculetur
1232 1928 1527 2004 episcopos,
1556 1946 1596 1984 a
1623 1927 1824 2004 quibus
1840 1934 1971 2004 post
2009 1927 2254 1986 ducatur
2278 1927 2584 2005 honorifice

264 2017 349 2075 ad
373 2019 558 2095 reyale
582 2021 807 2093 solium,
837 2022 999 2079 choro
1026 2030 1257 2080 canente
1282 2023 1576 2099 hymnum,
1604 2023 1687 2082 ΤΘ
1728 2024 1918 2082 Deum
1947 2022 2262 2083 laudamus.
2353 2023 2480 2094 Quo
2506 2023 2587 2081 ad

247 2116 437 2193 finem
452 2115 746 2192 perductO,
775 2117 934 2175 dicat
959 2116 1039 2174 ad
1063 2137 1191 2174 eum
1217 2117 1696 2195 metropolitanus.

358 2211 481 2275 Sta
523 2218 596 2277 et
643 2212 860 2277 retine
905 2213 1147 2277 amodo
1198 2213 1416 2277 locum
1461 2235 1658 2297 quem
1712 2214 2056 2297 hucusque
2100 2219 2384 2297 paterna
2437 2234 2584 2277 suc-

265 2315 573 2379 cessione
634 2316 937 2392 tenuisti,
1002 2315 1430 2380 haereditario
1483 2315 1740 2399 judicio
1805 2317 1931 2381 tibi
1998 2316 2405 2402 delegatum,
2466 2338 2589 2402 per

265 2419 741 2484 auctoritatem
800 2418 927 2482 Dei
995 2418 1494 2502 omnipotentis,
1556 2425 1624 2484 et
1691 2425 2086 2502 praesentem
2151 2420 2581 2484 traditionem

264 2528 590 2599 nostram,
657 2522 918 2587 scilicet
983 2522 1276 2586 omnium
1351 2522 1811 2606 episcoporum
1878 2529 2382 2608 ceterorumque
2456 2523 2585 2588 Dei

266 2648 651 2704 servorum3
699 2632 770 2691 et
812 2631 1063 2711 quanto
1108 2626 1361 2689 clerum
1407 2627 1623 2690 sacris
1670 2626 1999 2692 altaribus
2043 2627 2585 2713 propinquiorem

264 2729 615 2816 perspicis,
655 2733 849 2793 tanto
894 2729 957 2793 ei
1003 2729 1334 2812 potiorem
1387 2727 1458 2791 in
1511 2727 1678 2792 locis
1730 2730 2046 2815 congruis
2091 2731 2411 2793 honorem
2463 2730 2586 2792 im-

268 2833 559 2918 pendere
610 2830 1030 2907 memineris3
1077 2835 1410 2915 quatenus
1453 2832 1787 2896 mediator
1837 2830 1967 2895 Dei
2019 2837 2089 2896 et
2130 2832 2472 2895 hominum
2519 2837 2589 2896 te

269 2937 706 3000 mediatorem
737 2934 905 2998 cleri
934 2938 1004 2999 et
1046 2932 1266 3016 plebis
1296 2932 1365 2995 in
1395 2934 1522 2997 hoc
1562 2934 1759 3018 regni
1806 2933 1976 2998 solio
2008 2935 2376 3010 confirmet,
2408 2939 2478 2998 et
2520 2934 2589 2997 in

267 3059 550 3124 regnum
611 3042 934 3103 aeternum
994 3054 1281 3121 regnare
1341 3036 1570 3112 faciat,
1621 3035 1662 3099 J
1670 3056 1826 3100 esus
1887 3037 2201 3101 Christus
2260 3036 2587 3101 Dominus

267 3149 521 3218 noster,
551 3162 670 3205 rex
701 3135 935 3225 regum
965 3145 1052 3217 ⁴et
1081 3138 1391 3204 dominus
1435 3139 1945 3207 dominantium.
2032 3141 2159 3225 Qui
2204 3163 2351 3204 cum
2383 3143 2586 3207 Patre

267 3253 338 3312 et
368 3247 626 3333 Spiritu
649 3244 894 3308 Sancto
919 3243 1090 3308 vivit
1118 3249 1189 3309 et
1216 3250 1463 3329 regnat
1483 3244 1554 3307 in
1579 3244 1822 3309 saecula
1845 3245 2261 3310 saeculorum.
2349 3246 2586 3311 Amen.
