3117 5025
632 403 760 465 364
1455 402 1874 466 ordination
1907 402 2120 466 Lista.

716 577 959 641 Frater
991 576 1381 641 Willelmus
1416 576 1674 640 Barker
1829 575 2131 640 canonici
2192 577 2534 661 prioratus
2594 540 2676 641 de
2735 577 2935 642 Novo

715 665 958 728 Frater
987 665 1279 729 Thomas
1310 664 1549 748 Danby
1764 582 1799 747 }
2698 666 2931 749 Burgo

714 769 959 832 Frater
988 770 1029 834 J
1036 770 1338 832 ohannes
1370 768 1606 853 Layng
1788 770 1820 938 }
1855 768 2088 832 domus
2186 769 2499 834 Fratrum
2593 771 2935 835 Minorum

712 856 958 920 Frater
987 857 1317 921 Ricardus
1350 856 1554 919 Forte
1648 862 1653 865 ’
1854 856 2059 919 Ebor.

710 960 956 1023 Frater
974 958 1365 1024 Willelmus
1386 961 1450 1024 N
1455 960 1711 1024 ieolson
1739 960 1977 1023 domus
2002 960 2317 1025 Fratrum
2341 962 2701 1047 Augustin.
2727 960 2934 1024 Ebor.

714 1064 957 1128 Frater
984 1063 1022 1127 J
1032 1066 1334 1129 ohannes
1368 1064 1615 1151 Hogge
1812 1066 2114 1129 canonici
2176 1066 2257 1129 de
2321 1066 2877 1130 Hextildeshame

712 1150 956 1215 Frater
986 1153 1314 1216 Ricardus
1344 1153 1386 1216 J
1391 1173 1593 1218 aeson
1745 1069 1782 1233 }
2465 1167 2481 1175 ·
2882 1168 2894 1181 ·

711 1255 957 1320 Frater
985 1255 1338 1341 Adulphus
1369 1256 1771 1341 Wilkynson
1797 1257 2035 1320 domus
2064 1258 2375 1321 Fratrum
2415 1257 2933 1322 Praedicatorum

721 1370 734 1376 “
1636 1380 1645 1387 ’
2725 1360 2932 1424 Ebor.

712 1465 959 1529 Frater
989 1465 1196 1551 Hugo
1228 1466 1492 1530 Milner
1620 1468 1658 1636 }
1688 1466 1922 1530 domus
1952 1467 2266 1532 Fratrum
2302 1467 2817 1532 Oarmelitarum
2850 1467 2935 1530 de

711 1553 953 1616 Frater
980 1552 1023 1617 J
1028 1554 1329 1618 ohannes
1356 1555 1595 1617 Mason
1688 1552 1857 1617 Hull

708 1656 953 1721 Frater
979 1657 1021 1721 J
1027 1658 1327 1722 ohannes
1352 1656 1659 1722 Dernton
1692 1659 2060 1721 monachus
2091 1658 2486 1722 monasterii
2518 1660 2599 1721 de
2628 1657 2670 1721 J
2676 1657 2935 1721 orevall

710 1760 958 1824 Frater
1049 1762 1343 1826 Thomas
1431 1761 1831 1826 Bakehouse
1917 1760 2282 1826 canonieus
2367 1762 2760 1827 monasterii
2848 1763 2933 1825 de

2581 1865 2933 1949 Oonyshed

702 1967 744 2031 J
750 1969 1049 2032 ohannes
1083 1968 1438 2054 Calverley
1457 1968 1541 2032 ad
1573 1967 1845 2032 titulum
1879 1970 2116 2032 domus
2157 1968 2542 2033 monialium
2576 1970 2657 2033 de
2688 1969 2935 2034 Esholt

710 2072 1099 2138 Willelmus
1166 2074 1528 2160 Eslington
1589 2073 1675 2136 ad
1744 2073 2014 2138 titulum
2084 2076 2320 2138 domus
2388 2073 2777 2138 monialium
2848 2073 2931 2138 de

2474 2178 2927 2242 Burneholme

710 2279 1235 2366 christopherus
1258 2283 1506 2346 Foster
1536 2283 1621 2346 ad
1641 2284 1914 2347 titulum
1947 2284 2291 2367 prioratus
2314 2284 2395 2346 de
2426 2283 2930 2367 Haiotempriee

708 2386 998 2449 Thomas
1031 2387 1257 2450 Abbot
1287 2387 1371 2450 ad
1403 2386 1676 2451 titulum
1710 2388 1945 2452 domus
1978 2387 2366 2451 monialium
2400 2388 2481 2451 de
2516 2388 2826 2472 Molseby

710 2489 1098 2555 Willelmus
1131 2489 1463 2577 Widdope
1496 2493 1577 2557 ad
1615 2492 1890 2557 titulum
1924 2493 2269 2576 prioratus
2299 2493 2381 2557 de
2411 2491 2597 2557 Drax

708 2595 1083 2659 Nieholaus
1143 2596 1516 2661 Barkeston
1586 2598 1672 2663 ad
1738 2597 2014 2662 titulum
2076 2597 2312 2661 domus
2381 2596 2773 2660 monialium
2843 2596 2928 2658 de

2469 2699 2927 2785 Kirkeleghes

710 2803 1098 2869 Willelmus
1127 2806 1496 2891 Swynburn
1518 2807 1603 2870 ad
1629 2806 1899 2870 titulum
1931 2804 2269 2887 prioratus
2293 2804 2374 2867 de
2401 2804 2925 2869 Monkebretton

710 2908 752 2971 J
757 2910 1057 2972 ohannes
1089 2908 1353 2995 Lynsey
1385 2911 1469 2975 ad
1500 2909 1777 2975 titulum
1811 2910 2153 2993 prioratus
2183 2909 2264 2972 de
2297 2908 2781 2993 Helaghparke

714 3012 1048 3076 Robertus
1082 3012 1306 3097 Tyson
1340 3015 1424 3079 ad
1457 3013 1732 3078 titulum
1765 3014 2002 3077 domus
2035 3012 2428 3077 monialium
2464 3013 2545 3076 de
2579 3012 2890 3098 Molseby

714 3116 1039 3181 Ricardus
1073 3116 1295 3180 Baker
1326 3119 1411 3183 ad
1443 3118 1718 3182 titulum
1753 3119 2095 3202 prioratus
2126 3118 2206 3179 de
2237 3117 2523 3180 Malton.

712 3221 1004 3285 Thomas
1074 3222 1516 3307 Brakynbury
1586 3221 1671 3286 ad
1746 3222 2019 3286 titulum
2085 3222 2319 3284 domus
2387 3220 2779 3284 monialium
2848 3223 2931 3284 de

1089 3341 1094 3347 ’
2584 3325 2926 3389 Basedaill

709 3431 1040 3496 Ricardus
1128 3432 1414 3497 Lowson
1506 3432 1592 3495 ad
1673 3432 1949 3497 titulum
2040 3431 2283 3522 §omns
2367 3429 2762 3494 monialium
2849 3432 2931 3494 de

2507 3534 2928 3619 Arthington

713 3641 1001 3703 Thomas
1035 3638 1368 3702 Marshall
1400 3638 1483 3702 ad
1515 3638 1795 3702 titulum
1828 3639 2065 3701 domus
2097 3636 2483 3701 monialium
2519 3637 2600 3700 de
2631 3637 2884 3723 Keling

714 3744 753 3806 J
760 3744 1060 3806 ohannes
1091 3741 1374 3806 Walker
1404 3742 1488 3805 ad
1519 3742 1796 3806 titulum
1828 3742 2168 3825 prioratus
2199 3740 2279 3804 de
2311 3741 2378 3804 N
2381 3740 2793 3825 orthferriby

708 3848 1037 3912 Ricardus
1074 3847 1399 3910 Atkinson
1443 3846 1528 3909 ad
1562 3845 1840 3910 titulum
1882 3845 2274 3908 monasterii
2311 3843 2489 3907 Novi
2532 3845 2932 3908 Monasterii

1422 3950 1944 4034 (Newminster)
1979 3947 2292 4012 Dunelm.
2324 3947 2510 4011 Dioe.
2544 3967 2664 4032 per
2692 3948 2934 4012 literas

1422 4055 1842 4117 dimissorias
2538 4118 2545 4124 .

715 4160 1007 4223 Thomas
1040 4151 1453 4241 Maympriee
1486 4159 1571 4222 ad
1593 4157 1864 4222 titulum
1898 4157 2136 4220 dom‘us
2157 4155 2550 4220 monialium
2581 4155 2661 4218 de
2686 4155 2934 4238 Swyna
3040 4171 3041 4178 ’

716 4263 1109 4348 Radulphus
1140 4261 1349 4325 Riehe
1382 4261 1468 4325 ad
1499 4261 1772 4325 titulum
1804 4261 2039 4325 domus
2072 4259 2458 4323 monialium
2492 4260 2574 4322 de
2605 4258 2909 4347 Ellerton

714 4367 1039 4435 Ricardus
1062 4364 1443 4430 Coverdaill
1463 4365 1548 4429 ad
1568 4364 1839 4429 titulum
1861 4364 2095 4428 domus
2116 4363 2505 4427 monialium
2527 4363 2606 4426 de
2626 4362 2933 4466 Ellertou
3038 4367 3039 4460 χ
