3117 5025
517 401 648 467 328
1083 402 1173 466 In
1199 391 1656 466 Dedicationc
1690 398 2029 463 Baeilicae
2058 417 2271 461 novoe.

521 613 776 676 honore
830 613 1217 673 sanctorum
1271 611 1645 693 martyrum
1698 610 1968 670 tuorum
2018 604 2122 670 ill.
2175 605 2490 690 petimus,
2535 604 2844 680 Domine,

520 714 832 799 placatus
863 711 1179 796 accipias,
1209 709 1488 795 diesque
1519 714 1813 774 nost-ros.

601 814 1078 876 Poatcommunio.

614 911 1051 995 Omnipotens
1104 907 1515 993 sempiterne
1569 907 1776 985 Deus,
1830 907 2097 972 effunde
2145 927 2351 992 super
2393 908 2571 971 hunc
2617 905 2844 971 locum

522 1017 812 1104 gratiam
842 1019 1051 1089 tuam,
1083 1017 1155 1078 et
1184 1012 1491 1078 omnibus
1523 1011 1594 1075 in
1626 1015 1695 1075 te
1737 1012 2165 1095 sperantibus
2196 1009 2436 1076 auxilii
2466 1009 2568 1074 tui
2597 1030 2846 1074 munus

525 1119 824 1196 ostende,
847 1123 927 1183 ut
956 1116 1065 1181 hic
1089 1120 1160 1181 et
1187 1118 1758 1181 sacramentorum
1784 1115 2005 1181 virtus
2034 1119 2106 1179 et
2127 1119 2436 1180 votorum
2462 1113 2853 1179 obtineatur

530 1226 834 1290 effectus.
923 1221 1054 1287 Per
1082 1219 1442 1285 Dominum
1472 1223 1804 1284 nostrum.

614 1327 800 1406 Super
817 1326 1119 1405 populum.

616 1423 823 1500 Deus,
854 1421 969 1506 qui
1014 1420 1096 1485 de
1140 1419 1320 1484 vivis
1365 1424 1434 1483 et
1479 1417 1717 1482 electis
1761 1417 2100 1502 lapidibus
2137 1424 2458 1482 aeternum
2504 1417 2854 1502 majestati

530 1536 661 1593 tuae
728 1525 958 1591 condis
1019 1520 1501 1597 habitaculum,
1556 1519 1887 1586 auxiliare
1945 1520 2196 1605 populo
2266 1519 2714 1606 supplicanti;
2768 1526 2853 1585 ut

531 1630 709 1716 quod
755 1626 1051 1693 ecclesiae
1097 1631 1228 1692 tuae
1273 1624 1740 1709 corporalibus
1775 1624 2040 1709 proficit
2084 1624 2348 1709 spatiis,
2382 1623 2859 1710 spiritualibus

534 1732 983 1819 amplificetur
1009 1728 1411 1814 augmentis.
1499 1729 1649 1792 Per.

615 1834 973 1896 Gomeoratio
1000 1831 1228 1891 altaris.

612 1933 800 1998 Deus
830 1930 1276 2014 omnipotens,
1311 1930 1437 1993 sub
1485 1927 1680 2010 cujus
1727 1928 2154 1992 invocatione
2185 1926 2508 1992 altarium
2539 1928 2608 1991 in
2642 1927 2854 1992 hono-

525 2059 669 2103 rem
691 2033 912 2101 sancti
933 2034 1041 2098 ill.
1063 2052 1556 2108 consecramus,
1581 2031 1875 2096 clemens
1895 2035 1966 2096 et
1989 2031 2327 2116 propitius
2346 2052 2586 2115 preces
2609 2036 2860 2096 nostrae

532 2139 939 2207 humilitatis
1000 2136 1285 2213 exaudi;
1349 2141 1421 2201 et
1470 2140 1739 2220 praesta,
1793 2139 1873 2199 ut
1929 2133 2000 2197 in
2054 2135 2181 2199 hac
2233 2156 2471 2200 mensa
2531 2135 2670 2199 sint
2728 2135 2859 2199 tibi

535 2246 859 2312 libamina
904 2245 1201 2325 accepta,
1235 2240 1372 2304 sint
1399 2243 1622 2324 grata,
1659 2237 1797 2302 sint
1840 2237 2144 2324 pinguia,
2176 2244 2248 2302 et
2293 2238 2587 2322 Spiritus
2629 2238 2861 2304 Sancti

536 2352 639 2417 tui
671 2368 825 2414 rore
870 2346 1184 2432 perfusa3
1232 2349 1312 2410 ut
1355 2341 1538 2407 omni
1570 2347 1875 2426 tempore
1920 2341 1992 2405 in
2037 2343 2166 2407 hoc
2212 2340 2360 2406 loco
2409 2342 2857 2427 supplicantis

539 2455 665 2521 tibi
697 2450 969 2519 familiae
1001 2455 1132 2515 tuae
1164 2447 1547 2514 anxietates
1578 2445 1865 2524 releves,
1896 2446 2337 2533 aegritudines
2379 2466 2601 2524 cures,
2627 2466 2864 2532 preces

542 2556 890 2633 exaudias,
921 2559 1083 2618 vota
1115 2553 1466 2638 suscipias,
1494 2550 1886 2617 desiderata
1928 2551 2300 2627 confirmes,
2331 2550 2681 2635 postulata
2708 2573 2861 2616 con-

545 2664 767 2729 cedas.
857 2660 1010 2723 Per.

622 2765 794 2824 Alia.

628 2860 757 2926 Dei
788 2859 1015 2925 Patris
1040 2855 1519 2942 omnipotentis
1550 2854 2101 2931 misericordiam,
2132 2854 2556 2920 dilectissimi
2589 2856 2856 2934 fratres,

542 2967 998 3050 deprecemur,
1024 2967 1100 3026 ut
1130 2961 1258 3024 hoc
1290 2958 1612 3024 altarium
1638 2957 1986 3022 sacrificiis
2011 2957 2433 3042 spiritalibus
2465 2980 2856 3025 consecran-

542 3072 722 3144 dum,
747 3067 931 3131 vocis
960 3069 1209 3129 nostrae
1240 3062 1624 3129 exorandus
1657 3060 2031 3148 [exoratus]
2053 3063 2290 3139 officio,
2314 3065 2630 3148 praesenti
2659 3065 2858 3128 bene-

542 3171 834 3237 dictione
882 3168 1276 3244 sanctificet,
1318 3172 1396 3231 ut
1449 3167 1518 3230 in
1574 3187 1653 3228 eo
1708 3186 1975 3250 semper
2025 3165 2405 3230 oblationes
2455 3166 2858 3232 famulorum

546 3294 819 3340 suorum
868 3272 1092 3337 studio
1126 3292 1258 3334 suae
1288 3268 1670 3333 devotionis
1700 3268 2058 3351 impositas
2087 3268 2481 3335 benedicere
2514 3276 2586 3335 et
2617 3272 2860 3336 sancti-

547 3379 748 3443 ficare
779 3375 1118 3462 dignetur,
1150 3378 1221 3437 et
1251 3370 1542 3457 spiritali
1589 3371 1901 3455 placatus
1944 3371 2236 3446 incenso,
2268 3375 2570 3457 precanti
2601 3376 2865 3439 familiae

551 3504 685 3547 suae
716 3481 1123 3567 propitiatus
1156 3476 1509 3542 exauditor
1537 3476 1851 3541 adsistat.
1940 3477 2088 3539 Per.

629 3586 801 3644 Alia.
2088 3633 2091 3636 .

632 3684 817 3748 Deus
849 3680 1477 3755 sanctificationum,
1513 3678 1937 3763 omnipotens
1968 3677 2393 3756 Dominator,
2427 3682 2619 3764 cujus
2649 3683 2863 3767 pietas

544 3791 687 3853 sine
747 3788 880 3850 fine
944 3785 1258 3861 sentitur,
1321 3783 1588 3847 effunde
1652 3803 1855 3868 super
1918 3784 2044 3847 hoc
2107 3782 2322 3848 altare
2383 3787 2675 3868 gratiam
2734 3792 2859 3852 tuae

545 3888 1048 3964 benedictionis,
1103 3892 1180 3952 ut
1228 3888 1313 3952 ab
1368 3887 1678 3951 omnibus
1739 3886 1847 3950 hic
1901 3886 2365 3950 invocantibus
2424 3893 2495 3952 te
2543 3890 2861 3954 auxilium

549 4001 680 4059 tuae
701 3991 1172 4056 misericordiae
1206 3990 1560 4055 sentiatur.
1654 3989 1783 4051 Per
1813 3987 2196 4052 Dominum.

631 4095 993 4155 Consecratio
1021 4095 1247 4152 tabuloe.

635 4190 1176 4275 Omnipotentem
1228 4189 1446 4254 Deum
1510 4195 1580 4252 et
1637 4187 1993 4252 Dominum
2052 4193 2356 4254 nostrum
2410 4192 2589 4255 votis
2643 4194 2863 4257 exsul-

550 4294 854 4360 tantibus
878 4294 1332 4379 deprecemur,
1358 4297 1436 4356 ut
1465 4292 1581 4375 qui
1607 4312 1730 4375 per
1761 4312 2023 4354 omnem
2053 4292 2371 4356 mundum
2396 4293 2589 4356 fidem
2619 4297 2869 4378 sparsit
