3117 5025
964 396 1088 458 Ad
1116 394 1375 460 Manus
1406 397 1946 478 Impositionem.
2491 396 2616 460 331

295 602 738 659 consummes,
763 582 1008 668 quibus
1036 582 1219 649 inter
1247 605 1372 649 nos
1403 589 1474 650 et
1504 590 1824 650 fleternam
1855 586 2187 652 unitatem
2216 586 2286 650 in
2313 605 2618 670 supremo

296 690 525 750 meatu
557 687 705 751 sine
735 687 868 752 fine
901 693 1218 754 constare
1248 688 1608 754 credimus.
1698 690 1848 754 Per.

831 893 958 958 AD
1001 893 1329 960 MANUS
1374 895 2074 962 IMPOSITIONEM.

384 1081 827 1167 Omnipotens
874 1084 1285 1168 sempiterne
1331 1085 1542 1162 Deus,
1574 1085 1690 1170 qui
1734 1107 2144 1174 regenerare
2184 1084 2507 1172 dignatus
2554 1104 2628 1148 es

291 1187 472 1252 hunc
494 1187 825 1252 famulum
855 1193 1050 1254 tuum
1081 1210 1166 1253 ex
1190 1210 1371 1274 aqua
1401 1196 1473 1255 et
1505 1189 1769 1275 Spiritu
1802 1192 2071 1270 Sancto,
2097 1191 2346 1275 quique
2378 1188 2628 1255 dedisti

296 1290 361 1355 ei
403 1291 874 1356 remissionem
926 1293 1225 1357 omnium
1277 1298 1758 1377 peccatorum:
1807 1300 1906 1371 tu,
1952 1294 2260 1370 Domine,
2306 1292 2502 1358 mitte
2555 1292 2626 1354 in

295 1414 449 1457 eum
512 1393 971 1479 septiformem
1034 1395 1357 1481 Spiritum
1421 1401 1613 1462 tuum
1678 1397 2004 1463 Sanctum
2064 1395 2479 1462 Paraclitum
2540 1395 2623 1458 de

300 1495 505 1561 coelis.

381 1599 491 1666 Da
519 1599 583 1663 ei
618 1600 946 1685 Spiritum
977 1601 1329 1686 sapientiae
1361 1609 1432 1667 et
1473 1601 1905 1669 intellectus:
2000 1603 2327 1688 Spiritum
2356 1601 2626 1666 consilii

293 1709 366 1768 et
420 1704 890 1769 fortitudinis:
1003 1705 1328 1790 Spiritum
1388 1706 1687 1771 scientiae
1749 1711 1821 1771 et
1882 1707 2199 1792 pietatis:
2308 1702 2620 1789 Adimple

298 1827 450 1871 eum
515 1807 775 1891 Spiritu
834 1807 1103 1873 timoris
1162 1807 1292 1872 Dei
1360 1812 1431 1874 et
1490 1807 1770 1873 Domini
1837 1809 2058 1875 nostri
2116 1808 2284 1877 Jesu
2345 1807 2621 1885 Christi,

300 1917 370 1975 et
428 1911 757 1994 consigna
815 1932 968 1975 eum
1030 1911 1224 1995 signo
1295 1915 1543 1975 sanctae
1607 1910 1826 1975 crucis
1885 1917 2020 1976 tuae
2081 1910 2491 1996 propitiatus
2549 1910 2621 1974 in

300 2014 512 2078 vitam
577 2021 917 2078 aeternam.
1008 2015 1140 2078 Per
1212 2014 1494 2079 eundem
1564 2012 1928 2079 Dominum
2002 2020 2309 2079 nostrum
2382 2013 2426 2079 J
2431 2034 2618 2078 esum

294 2116 661 2194 Christum,
708 2116 959 2180 Filium
1000 2121 1217 2195 tuum,
1259 2138 1408 2182 cum
1458 2138 1593 2201 quo
1639 2116 1813 2182 vivis
1859 2122 1929 2182 et
1968 2137 2219 2202 regnas
2269 2115 2456 2183 Deus
2500 2137 2622 2201 per

297 2221 524 2284 omnia
555 2220 800 2285 saecula
830 2218 1245 2284 saeculorum.
1336 2224 1576 2285 Amen.

378 2324 621 2409 Accipe
669 2324 936 2410 signum
981 2324 1199 2388 crucis
1229 2324 1593 2388 chrismate
1642 2322 1901 2389 salutis
1932 2323 2002 2386 in
2049 2322 2319 2388 Christo
2349 2320 2393 2386 J
2397 2343 2518 2387 esu
2546 2322 2617 2385 in

295 2427 506 2491 vitam
538 2431 878 2491 aeternam.
966 2428 1204 2492 Amen.
1980 2480 1989 2487 .

380 2532 555 2595 Ecce
618 2531 715 2596 sic
774 2531 1207 2596 benedicetur
1267 2530 1483 2593 omnis
1541 2531 1745 2596 homo
1804 2531 1919 2616 qui
1979 2531 2175 2595 timet
2234 2529 2616 2594 Dominum.

296 2637 663 2703 Benedicat
706 2637 832 2701 tibi
880 2635 1207 2700 Dominus
1253 2654 1338 2698 ex
1393 2634 1576 2710 Sion,
1624 2639 1696 2698 et
1746 2635 1982 2700 videas
2034 2656 2180 2718 quae
2226 2636 2406 2699 bona
2458 2639 2618 2700 sunt

296 2741 370 2804 in
397 2738 834 2805 Hierusalem
864 2738 1176 2802 omnibus
1205 2737 1448 2801 diebus
1479 2736 1636 2800 vitae
1662 2742 1819 2803 tuae.
1898 2739 2145 2803 Amen.

820 2950 1448 3019 CONSECRATIO
1494 2952 2074 3022 CHRISMALIS.

388 3163 692 3236 Oremus‚
721 3160 972 3224 fratres
1016 3160 1369 3237 carissimi,
1402 3166 1481 3224 ut
1522 3160 1710 3225 Deus
1757 3158 2179 3242 omnipotens
2221 3158 2349 3221 hoc
2393 3156 2622 3221 minis-

297 3265 545 3329 terium
577 3264 875 3349 corporis
922 3263 1080 3326 Filii
1113 3264 1217 3328 sui
1261 3263 1530 3327 Domini
1570 3262 1786 3326 nostri
1813 3260 1855 3326 J
1861 3281 1981 3325 esu
2026 3259 2277 3325 Christi
2309 3259 2619 3344 gerulum

293 3368 752 3434 benedictione
774 3366 1342 3443 sanctificationis,
1359 3367 1691 3431 tutamine
1713 3362 2117 3428 defensionis
2149 3367 2219 3426 et
2239 3362 2617 3427 donationis

292 3474 572 3560 implere
603 3475 937 3559 dignetur,
970 3474 1319 3537 orantibus
1349 3471 1561 3536 nobis.
1653 3472 1784 3535 Per
1813 3469 2118 3533 eundem.

448 3578 551 3635 lia.

376 3581 820 3758 Omnipotens
869 3670 1119 3737 Sancta
1162 3670 1480 3747 Trinitas,
1512 3668 1717 3746 Deus,
1764 3666 2071 3732 manibus
2118 3665 2370 3730 nostris
2415 3686 2610 3748 opem

290 3784 422 3845 tuae
452 3775 935 3841 benedictionis
970 3773 1264 3849 infunde,
1296 3779 1392 3849 ut,
1423 3794 1543 3857 per
1574 3777 1876 3836 nostram
1905 3768 2447 3843 benedictionem,
2482 3768 2609 3831 hoc

290 3880 636 3949 vasculum
669 3878 1143 3953 sanctificetur,
1174 3882 1246 3942 et
1274 3876 1575 3960 corporis
1606 3874 1860 3942 Christi
1903 3895 2146 3938 novum
2181 3871 2604 3957 sepulchrum

291 3987 582 4072 Spiritus
615 3983 840 4048 Sancti
871 3981 1096 4066 gratia
1124 3979 1532 4063 perficiatur.
1625 3980 1771 4043 Per.

461 4386 592 4448 41*
