3117 5025
473 369 601 433 308
1138 370 1239 433 De
1278 369 1649 434 Ordinibus
1685 368 2142 454 Conferendis.

1149 760 1659 830 ORDINATIO
1703 762 2153 829 LECTORIS.

558 952 762 1010 Lector
813 972 946 1009 cum
996 952 1327 1023 ordinatur,
1361 952 1518 1029 facit
1562 952 1632 1010 de
1686 951 1788 1009 illo
1833 952 2127 1029 episcopus
2172 951 2398 1009 verbum
2453 949 2532 1006 ad
2566 950 2803 1027 plebem,

483 1047 751 1105 indicans
797 1046 915 1123 ejus
962 1048 1145 1123 fidem
1188 1068 1256 1105 ac
1303 1048 1485 1106 vitam
1528 1054 1695 1125 atque
1743 1046 2089 1122 inqenium;
2124 1053 2252 1124 post
2291 1045 2424 1118 haec,
2465 1052 2807 1122 exspectante

476 1142 705 1220 populo,
733 1142 927 1200 tradat
951 1144 1009 1201 ei
1035 1143 1283 1202 codicem
1309 1143 1379 1201 de
1405 1164 1514 1221 quo
1544 1143 1787 1201 lecturus
1815 1150 1913 1213 est,
1939 1142 2132 1199 dicens
2157 1165 2176 1200 .·

570 1238 835 1322 Accipe,
889 1245 960 1304 et
1014 1243 1161 1302 esto
1222 1239 1409 1303 verbi
1470 1239 1597 1305 Dei
1656 1238 1929 1314 relator,
1979 1237 2356 1312 habiturus,
2411 1236 2464 1299 si
2519 1234 2810 1300 fideliter

489 1340 872 1423 impleveris
917 1340 1228 1419 officium,
1275 1346 1534 1426 partem
1581 1361 1730 1405 cum
1774 1340 1882 1405 his
1926 1341 2038 1423 qui
2088 1339 2360 1402 verbum
2407 1337 2533 1403 Dei
2577 1338 2808 1422 minis-

484 1443 836 1507 traverint.
2764 1441 2768 1445 ”

1356 1544 1636 1621 Proefatio
1662 1544 1933 1604 Lectoris.

573 1639 853 1725 Eligant.
906 1645 974 1704 te
1025 1639 1276 1704 fratres
1328 1639 1429 1703 tui
1483 1650 1559 1704 ut.
1613 1640 1707 1703 sis
1758 1639 1972 1704 lector
2019 1638 2086 1701 in
2136 1639 2331 1703 domo
2385 1638 2510 1703 Dei
2562 1640 2685 1715 tui,
2741 1644 2812 1703 et

490 1763 818 1827 agnoscas
867 1742 1152 1806 officium
1204 1748 1412 1821 tuum,
1469 1750 1543 1806 ut
1595 1741 1876 1828 impleas
1923 1742 2129 1817 illud;
2184 1747 2425 1827 potens
2477 1749 2584 1808 est
2633 1744 2809 1807 enim

491 1846 674 1909 Deus
711 1851 786 1907 ut
816 1849 1067 1929 augeat
1098 1845 1219 1909 tibi
1252 1846 1581 1931 gratiam:
1655 1846 1805 1911 Per.

1330 1946 1672 2006 Benedictio
1698 1948 1961 2024 ejusdem.

576 2041 883 2119 Domine,
916 2046 1143 2107 sancte
1174 2043 1395 2120 Pater,
1429 2042 1851 2126 omnipotens
1891 2048 2136 2108 aeterne
2180 2042 2388 2119 Deus,
2419 2042 2809 2110 benedicere

492 2146 791 2232 digneris
864 2145 1188 2210 famulum
1266 2152 1456 2210 tuum
1525 2146 1703 2210 hune
1766 2146 1872 2210 ill.
1947 2146 2016 2208 in
2094 2146 2305 2211 officio
2373 2146 2665 2223 lectoris,
2734 2154 2810 2210 ut

494 2250 897 2315 assiduitate
944 2248 1307 2313 lectionum
1357 2250 1721 2315 distinctus
1752 2255 1954 2333 atque
1986 2255 2261 2315 ornatus
2294 2251 2472 2314 euris
2501 2249 2811 2328 modulis,

498 2352 789 2437 spiritali
835 2352 1189 2417 devotione
1219 2358 1419 2438 grata
1448 2352 1681 2439 lingua
1724 2357 1993 2416 resonet
2025 2352 2338 2418 eeclesiae.
2429 2353 2558 2417 Per
2587 2353 2811 2419 Domi-

497 2479 655 2523 num
687 2464 1009 2523 nostrum.
