3117 5025
1053 356 1412 419 Dedicatio
1451 353 1850 418 Goemeterii.
2519 345 2601 408 91

272 562 630 648 propitiae,
661 566 741 626 ut
783 561 1072 625 omnium
1118 582 1399 645 quorum
1441 559 1548 623 hic
1582 578 1860 643 corpora
1906 554 2341 640 sepeliuntur,
2373 551 2607 616 animoe

275 666 603 730 absolutae
636 666 721 730 ab
753 665 931 728 omni
961 664 1210 740 dolore,
1243 665 1386 729 sine
1417 663 1549 725 fine
1580 660 1910 725 laetentur.
2001 660 2151 723 Per.

362 768 711 849 Epistola.
801 767 1133 832 Nolumus
1164 788 1283 831 vos
1316 767 1649 851 ignorare.

378 871 710 934 Gradale.
800 869 1144 953 Requiem.

387 973 466 1036 V.
554 972 869 1038 Absolve.

382 1076 694 1139 Tractus.
781 1074 883 1138 De
916 1072 1264 1157 profundis
1296 1071 1603 1137 clamavi.

370 1179 849 1263 Evanyelium.
941 1178 1130 1242 Sicut
1161 1179 1365 1242 Pater
1395 1178 1687 1242 suscitat
1714 1182 2039 1242 mortuos.

379 1282 825 1365 offertorium.
915 1281 972 1346 O
1001 1282 1109 1367 pie
1140 1281 1346 1345 Deus.

373 1386 741 1449 Sem-etum.
860 1384 1170 1461 Munera,
1239 1383 1544 1461 Domine,
1618 1383 1849 1448 oblata
1922 1380 2289 1456 sanctifica,
2357 1383 2428 1442 et
2501 1375 2616 1459 qui

284 1488 579 1573 teipsum
611 1488 681 1550 in
712 1485 1018 1570 sepulcro
1065 1486 1224 1571 poni
1259 1487 1554 1562 voluisti,
1586 1507 1708 1572 per
1750 1487 1888 1549 haec
1919 1505 2065 1560 nos,
2098 1500 2497 1567 quaesumuS,
2530 1477 2617 1541 ad

292 1590 494 1653 finem
554 1590 708 1653 vitae
774 1595 1216 1673 properantes
1286 1607 1328 1652 a
1394 1597 1824 1673 peccatorum
1890 1594 2276 1651 nostrorum
2335 1579 2620 1646 maculis

293 1691 752 1756 emundemur.
841 1691 965 1776 Qui
996 1690 1169 1754 vivis
1200 1695 1269 1754 et
1298 1710 1544 1775 regnas
1573 1690 1780 1754 Deus.

383 1796 807 1859 BenedictiO.
897 1794 1193 1878 Oopiam,
1218 1814 1616 1877 quaesumus,
1647 1792 1953 1870 Domine,
1980 1796 2111 1856 tuae
2140 1786 2624 1854 benedictionis

299 1897 547 1985 populo
601 1897 709 1962 hic
762 1897 1051 1961 adunato
1103 1897 1368 1974 tribue;
1416 1896 1927 1981 temptationum
1983 1894 2275 1959 omnium
2328 1890 2626 1977 pericula

304 2021 595 2077 remove,
628 2006 700 2065 et
727 2000 1306 2084 perturbationum
1335 1999 1666 2085 procellas
1711 2000 1796 2064 ab
1826 2020 1905 2063 eo
1935 1998 2293 2061 miseratus
2325 1993 2623 2060 exclude.

308 2106 546 2167 Amen.

392 2205 583 2269 Mala
634 2211 873 2268 cuncta
923 2224 1096 2281 arce,
1150 2205 1328 2268 bona
1371 2204 1614 2280 tribue,
1661 2203 1865 2268 noxia
1917 2202 2258 2277 subtrahe,
2301 2219 2627 2284 prospera

305 2308 614 2383 concede,
664 2316 739 2371 ut
788 2308 857 2370 in
906 2308 1100 2371 laude
1153 2313 1275 2372 tua
1316 2306 1387 2370 in
1438 2308 1791 2391 praesentis
1843 2307 1963 2371 aevi
2011 2306 2227 2369 stadio
2281 2312 2628 2368 currentes

308 2411 578 2496 placere
609 2411 732 2475 tibi
762 2410 1054 2486 valeant,
1087 2409 1156 2471 in
1185 2410 1415 2473 futuro
1444 2410 1836 2495 gaudentes.
1925 2410 2165 2471 Amen.

376 2514 533 2591 Sic,
587 2513 890 2590 Domine,
942 2534 1340 2597 quaesumus,
1386 2514 1457 2577 in
1510 2514 1634 2577 hoc
1685 2512 2035 2598 poliandro
2089 2533 2209 2575 seu
2261 2510 2635 2576 coemeterio

309 2618 877 2702 requiescentium
907 2637 1187 2701 corpora
1208 2624 1338 2680 tuae
1370 2616 1645 2681 virtutis
1676 2617 1909 2701 clypeo
1940 2622 2239 2701 protege,
2264 2625 2334 2680 et
2365 2616 2635 2679 brachio

309 2732 445 2788 tuae
477 2721 885 2786 defensionis
929 2719 1193 2795 robora,
1224 2725 1558 2802 quatenus
1587 2720 1656 2783 in
1699 2720 2075 2784 novissimae
2105 2722 2279 2784 tubae
2319 2720 2634 2805 clangore

313 2848 359 2890 a
403 2825 664 2889 cunctis
709 2824 992 2887 nexibus
1044 2832 1469 2913 peccatorum
1515 2824 1702 2887 exuti
1748 2828 1819 2887 et
1871 2833 2133 2888 aeternae
2180 2826 2330 2888 vitae
2373 2824 2640 2910 gaudiis

317 2927 645 3004 restituti,
677 2931 1039 3010 resurgant
1068 2927 1137 2988 in
1167 2932 1359 3010 parte
1391 2927 1673 2992 dextera
1702 2928 2080 2991 coronandi.
2170 2932 2405 2992 Amen.

411 3030 602 3115 Quod
629 3030 773 3115 ipse
806 3038 1123 3114 praestare
1169 3028 1503 3114 dignetur,
1534 3030 1650 3113 qui
1696 3042 1801 3094 est
1833 3052 1992 3095 vera
2036 3032 2436 3097 resurrectio
2468 3054 2641 3097 mor-

320 3139 631 3208 tuorum3
678 3133 785 3196 cui
831 3139 938 3197 est
981 3153 1131 3195 cum
1183 3140 1430 3195 aeterno
1476 3134 1678 3198 Patre
1723 3135 2098 3220 Sancteque
2143 3136 2446 3200 Flamine
2495 3137 2643 3200 laus

323 3245 399 3301 et
425 3236 843 3322 perpetuitas
875 3236 944 3297 in
978 3233 1218 3299 saecula
1247 3235 1662 3299 saeculorum.
1749 3239 1987 3302 Anien.

413 3339 806 3404 Benedictio
861 3338 987 3404 Dei
1049 3338 1546 3423 omnipotentis,
1602 3339 1906 3422 Paffitris
1960 3346 2030 3405 et
2087 3340 2323 3427 Fiq-lii
2378 3346 2449 3405 et
2503 3341 2648 3426 Spi-

321 3443 500 3507 ritus
519 3435 592 3509 *F
618 3440 846 3506 Sancti
874 3441 1236 3506 descendat
1266 3462 1467 3525 super
1497 3463 1617 3506 vos
1648 3452 1718 3507 et
1741 3451 2013 3507 maneat
2042 3464 2324 3528 semper.
2412 3446 2651 3509 Amen.

422 3547 838 3610 communio.
927 3543 1076 3608 Lux
1106 3554 1375 3608 aeterna.
2618 3536 2621 3538 V

414 3649 986 3713 PoctcommuniO.
1079 3647 1474 3711 Muneribus
1521 3648 1732 3713 sacris
1786 3647 2037 3726 satiati,
2080 3670 2479 3732 quaesumus,
2523 3650 2659 3715 Do-

329 3757 510 3820 mine
574 3754 758 3819 Deus
816 3759 1069 3829 noster,
1130 3760 1209 3817 ut
1265 3753 1459 3838 plebs
1517 3761 1656 3831 tua,
1718 3776 1862 3838 quae
1921 3757 1990 3817 in
2058 3756 2285 3819 futuro
2344 3777 2387 3820 a
2444 3768 2658 3822 morte

329 3859 634 3943 corporis
681 3862 1147 3922 resurrectura
1197 3858 1508 3933 creditur,
1561 3863 1632 3922 te
1684 3861 2073 3934 miserante,
2126 3859 2197 3921 in
2255 3859 2459 3944 hujus
2512 3861 2664 3926 vitae

330 3981 539 4028 cursu
568 3984 611 4027 a
640 3966 857 4025 morte
886 3960 1123 4025 animae
1153 3980 1502 4046 resurgere
1535 3967 1890 4027 mereatur.
1982 3962 2112 4026 Per
2141 3961 2517 4029 Dominum.

517 4381 640 4443 11*
