3117 5025
18 2035 44 2165 „f

27 3407 36 3452 Γ.

30 4053 52 4504 l

36 4587 86 4993 l

1133 442 1574 507 Consecratio
1605 442 1840 528 Reqis.
2519 444 2649 507 215

319 644 700 711 sublimasti
722 668 740 723 ς
787 649 857 711 et
876 645 1299 712 Salomonem
1323 647 1607 733 sapienti
1615 671 1667 713 ae
1687 647 2002 734 pacisque
2023 648 2348 715 ineffabili
2372 670 2647 713 munere

318 747 596 826 ditasti3
644 749 930 833 respice,
975 771 1378 835 quaesumus,
1425 752 1510 816 ad
1555 773 1789 837 preces
1834 752 2237 819 humilitatis
2280 759 2549 831 nostrae,
2580 759 2651 818 et

321 873 525 937 super
552 853 732 917 hunc
763 853 1086 918 famulum
1118 859 1332 933 tuum,
1365 875 1562 939 quem
1595 855 1885 942 supplici
1915 856 2269 922 devotione
2298 857 2369 924 in
2414 877 2644 944 regem

323 956 660 1042 eligimus,
719 958 1257 1024 benedictionum
1323 964 1596 1025 tuarum
1663 960 1842 1026 dona
1907 961 2300 1049 multiplica,
2361 983 2645 1047 eumque

322 1062 615 1127 dexterae
661 1068 790 1128 tuae
835 1063 1141 1148 potentia
1185 1083 1451 1148 semper
1493 1069 1564 1128 et
1617 1064 1862 1150 ubique
1910 1066 2270 1143 circumda,
2316 1071 2650 1150 quatenus

314 1166 613 1251 praedicti
645 1167 927 1232 Abrahae
957 1167 1284 1234 fidelitate
1314 1169 1643 1246 firmatus,
1677 1169 1935 1255 Moysis
1964 1171 2476 1236 mansuetudine
2507 1171 2631 1235 fre·

320 1276 457 1348 tus,
501 1270 728 1335 Josuae
774 1271 1170 1337 fortitudine
1220 1272 1542 1350 munitus,
1591 1271 1810 1338 David
1858 1273 2241 1339 humilitate
2288 1274 2648 1352 exaltatus,

324 1373 699 1438 Salomonis
730 1374 1064 1458 sapientia
1093 1373 1467 1452 decoratus,
1499 1374 1628 1440 tibi
1672 1374 1743 1439 in
1775 1376 2081 1441 omnibus
2110 1375 2395 1461 placeat,
2426 1384 2499 1442 et
2525 1399 2648 1462 per

322 1478 662 1543 tramitem
678 1479 962 1562 justitiae
981 1479 1307 1544 inoffenso
1328 1479 1542 1566 gradu
1569 1500 1833 1566 semper
1853 1480 2140 1559 incedat,
2161 1480 2643 1567 ecclesiamque

322 1585 507 1646 tuam
538 1580 849 1667 deinceps
871 1602 1019 1646 cum
1043 1580 1347 1668 plebibus
1380 1581 1509 1646 sibi
1538 1582 1823 1647 annexis
1841 1583 1940 1647 ita
1962 1584 2259 1649 enutriat
2280 1605 2358 1649 ac
2388 1583 2644 1662 doceat,

323 1684 585 1750 muniat
634 1691 706 1750 et
755 1686 1071 1762 instruat,
1117 1690 1478 1770 contraque
1525 1706 1757 1751 omnes
1810 1687 2110 1753 visibiles
2155 1692 2224 1753 et
2270 1687 2644 1753 invisibiles

322 1788 555 1852 hostes
585 1788 799 1852 eidem
844 1793 1155 1874 potenter
1195 1788 1652 1874 regaliterque
1696 1794 1827 1854 tuae
1867 1790 2142 1856 virtutis
2184 1790 2485 1876 regimen
2530 1791 2646 1856 ad·

322 1891 679 1969 ministret,
704 1898 773 1956 et
800 1892 887 1956 ad
915 1913 1089 1957 verae
1120 1891 1272 1956 fidei
1307 1892 1631 1977 pacisque
1664 1893 2079 1959 concordiam
2113 1915 2341 1958 eorum
2364 1895 2646 1973 animos,

325 2001 397 2062 te
418 1995 815 2081 opitulante,
838 1994 1176 2072 reformet,
1200 2000 1278 2060 ut
1298 1996 1535 2061 horum
1560 1996 1958 2081 populorum
1981 1997 2210 2064 debita
2232 1997 2647 2082 subjectione

325 2097 562 2177 fultus,
608 2121 759 2164 cum
810 2098 1013 2184 digno
1068 2119 1294 2164 amore
1336 2097 1755 2184 glorificatus
1799 2101 1886 2165 ad
1937 2108 2292 2186 paternum
2336 2101 2651 2165 decenter

328 2202 569 2268 solium
620 2211 740 2268 tua
796 2200 1228 2267 miseratione
1281 2203 1724 2271 conscendere
1777 2209 2150 2281 mereatur3
2201 2208 2332 2268 tuae
2383 2223 2644 2288 quoque

324 2307 762 2391 protectionis
789 2305 993 2393 galea
1032 2306 1350 2382 munitus,
1382 2309 1453 2371 et
1497 2310 1689 2370 scuto
1729 2305 2166 2391 insuperabili
2188 2305 2450 2392 jugiter
2493 2325 2645 2390 pro-

324 2415 569 2487 tectus,
619 2410 956 2494 armisque
1017 2408 1396 2474 coelestibus
1456 2408 1928 2485 circumdatus,
1977 2409 2295 2494 optabilis
2352 2407 2646 2472 victoriae

325 2513 738 2598 triumphum
797 2513 1086 2579 feliciter
1149 2512 1393 2598 capiat,
1453 2518 1912 2597 terroremque
1980 2533 2115 2577 suae
2174 2512 2487 2598 potentiae
2545 2509 2646 2574 in-

324 2617 637 2682 fidelibus
698 2617 840 2682 suis
897 2618 1167 2694 inferat,
1228 2622 1300 2682 et
1356 2637 1589 2701 pacem
1650 2616 1774 2681 tibi
1832 2615 2279 2682 militantibus
2338 2616 2650 2680 laetanter

321 2726 663 2806 reportet3
712 2742 834 2807 per
879 2720 1237 2786 Dominum
1290 2728 1619 2798 nostrum,
1660 2720 1774 2804 qui
1820 2720 2072 2785 virtute
2120 2721 2336 2785 crucis
2381 2723 2644 2784 tartara

324 2824 686 2902 destruxit,
715 2844 1055 2912 regnoque
1085 2821 1333 2888 diaboli
1366 2827 1703 2909 superato,
1736 2822 1820 2887 ad
1849 2822 2050 2888 coelos
2079 2823 2295 2887 victor
2323 2820 2646 2897 ascendit,

322 2928 393 2991 in
447 2949 578 3011 quo
632 2934 938 3012 potestas
991 2926 1206 2991 omnis
1258 2947 1493 3010 regum
1540 2926 1848 2991 consistit
1900 2931 1972 2991 et
2015 2925 2333 3003 victoria3
2381 2924 2496 3010 qui
2540 2931 2647 2989 est

319 3029 546 3115 gloria
573 3028 925 3095 humilium
956 3035 1027 3094 et
1059 3029 1203 3094 vita
1235 3027 1550 3112 salusque
1582 3028 1998 3114 populorum.
2089 3030 2214 3114 Qui
2244 3036 2487 3093 tecum.

410 3135 593 3199 Alia
645 3136 911 3201 Oratio.
1001 3132 1314 3209 Benedic,
1347 3132 1657 3210 Domine,
1702 3133 1879 3198 hunc
1924 3154 2151 3219 regem
2200 3139 2506 3197 nostrum
2553 3131 2643 3196 N.

324 3238 439 3322 qui
462 3259 674 3324 regna
697 3238 991 3303 omnium
1015 3235 1390 3301 moderaris
1412 3257 1455 3300 a
1476 3235 1737 3313 saeculo,
1765 3242 1834 3301 et
1863 3235 1987 3300 tali
2011 3257 2160 3300 eum
2185 3235 2644 3300 benedictione

323 3342 648 3427 glorifica,
680 3348 759 3407 ut
786 3340 1122 3406 Davidicae
1154 3345 1386 3405 teneat
1418 3339 1859 3405 sublimitatis
1901 3346 2262 3425 sceptrum,
2293 3344 2366 3403 et
2392 3338 2647 3424 glorifi-

324 3450 517 3510 catus
561 3446 631 3509 in
663 3446 812 3529 ejus
855 3444 1234 3528 reperiatur
1272 3442 1553 3519 merito;
1600 3442 1691 3507 da
1732 3441 1794 3506 ei
1841 3447 1963 3506 tuo
2007 3441 2446 3526 inspiramine
2491 3462 2640 3506 cum

326 3549 842 3615 mansuetudine
889 3547 989 3613 ita
1039 3567 1277 3632 regere
1330 3545 1672 3632 populum,
1723 3546 1898 3611 sicut
1953 3544 2374 3609 Salomonem
2421 3543 2645 3609 fecisti

319 3674 604 3739 regnum
666 3651 972 3717 obtinere
1037 3650 1425 3734 pacificum3
1503 3649 1630 3715 tibi
1697 3670 1847 3713 cum
1915 3648 2158 3713 timore
2219 3667 2485 3733 semper
2549 3648 2639 3713 sit

319 3756 653 3832 subditus,
683 3754 939 3838 tibique
971 3752 1219 3818 militet
1249 3773 1399 3817 cum
1432 3752 1697 3836 quiete3
1746 3752 1837 3816 sit
1881 3757 1999 3817 tuo
2031 3750 2264 3836 clypeo
2294 3756 2643 3835 protectus

314 3881 465 3925 cum
487 3858 899 3945 proceribus,
924 3863 994 3922 et
1024 3856 1269 3941 ubique
1305 3862 1421 3920 tua
1442 3855 1669 3941 gratia
1691 3854 1906 3921 victor
1935 3855 2225 3930 existat3
2273 3855 2643 3920 honorifica

317 3984 471 4028 eum
517 3982 653 4043 prae
697 3961 956 4026 cunctis
1008 3960 1283 4046 regibus
1326 3959 1630 4044 gentium
1638 3980 1670 4036 ,;
1716 3957 1884 4022 felix
1929 3958 2195 4044 populis
2239 3958 2639 4034 dominetur,

321 4073 394 4132 et
414 4066 705 4132 feliciter
723 4086 875 4129 eum
899 4064 1210 4130 nationes
1234 4063 1554 4138 adorent;
1603 4062 1790 4127 vivat
1813 4062 1992 4127 inter
2011 4063 2313 4148 gentium
2336 4068 2646 4128 catervas

321 4169 826 4256 magnanimus3
875 4167 965 4232 sit
1008 4167 1074 4230 in
1116 4165 1389 4251 judiciis
1435 4164 1777 4249 aequitatis
1824 4164 2232 4252 singularis3
2281 4163 2646 4249 locupletet

322 4294 478 4338 eum
522 4277 644 4337 tua
685 4270 1012 4355 praedives
1056 4269 1373 4345 dextera3
1420 4266 1814 4353 frugiferam
1866 4267 2169 4333 obtineat
2214 4266 2527 4352 patriam,
2572 4271 2645 4330 et

321 4376 472 4460 ejus
515 4373 751 4439 liberis
804 4373 1077 4440 tribuas,
1118 4371 1515 4457 profutura;
1560 4375 1810 4454 praesta
1863 4370 1923 4435 ei
1978 4370 2433 4456 prolixitatem
2488 4368 2650 4432 vitoe‘
