3117 5025
1160 411 1577 479 Ordination
1612 413 1820 477 Lista.
1968 458 1975 465 ·
2504 420 2631 483 365

433 583 657 648 Simon
693 583 1010 669 Benteley
1043 586 1127 649 ad
1159 585 1433 650 titulum
1464 587 1807 671 prioratus
1838 588 1919 651 de
1954 587 2263 654 Shelford

426 687 467 751 J
472 689 771 753 ohannes
806 688 1006 752 Olerk
1038 689 1128 753 ad
1155 689 1430 753 titulum
1463 692 1804 775 prioratus
1838 692 1918 755 de
1951 692 2016 756 H
2027 693 2397 778 elaghpark

418 793 460 856 J
467 795 769 857 ohannes
800 794 841 858 J
846 794 1170 858 effraison
1203 795 1287 858 ad
1318 796 1595 860 titulum
1626 797 2023 861 monasterii
2057 798 2138 862 de
2174 798 2380 884 Selby

425 896 755 961 Ricardus
777 898 1054 983 Bodyad
1075 899 1347 963 titulum
1369 900 1607 964 domus
1625 901 2013 965 monialium
2035 905 2115 967 de
2136 903 2644 990 Yeddinghame

425 1001 766 1067 Robertus
797 1003 1100 1088 Langley
1132 1004 1216 1068 ad
1248 1004 1522 1089 titulum
1556 1004 1903 1087 prioratus
1934 1006 2017 1069 de
2052 1007 2412 1095 Wirksope

430 1107 722 1171 Thomas
753 1105 984 1191 Deyne
1018 1108 1103 1171 ad
1137 1107 1415 1173 titulum
1447 1108 1685 1171 domus
1718 1108 2107 1173 monialium
2141 1111 2221 1175 de
2258 1111 2503 1197 Swyna

425 1209 885 1275 Christoferus
918 1211 1073 1275 Idill
1101 1212 1187 1276 ad
1219 1212 1493 1276 titulum
1526 1213 1763 1274 domus
1795 1213 2184 1277 monialium
2221 1216 2303 1280 de
2337 1217 2644 1304 Molseby

311 1390 318 1396 ,
421 1313 463 1377 J
470 1315 768 1379 ohannes
804 1314 1171 1379 Shirborne
1204 1316 1289 1379 ad
1324 1314 1594 1379 titulum
1631 1316 1972 1398 prioratus
2003 1318 2085 1381 de
2117 1318 2560 1406 Helaghpark

424 1420 466 1483 J
473 1421 770 1484 ohannes
840 1421 1219 1486 Beamount
1293 1422 1377 1486 ad
1453 1421 1724 1485 titulum
1793 1422 2031 1488 domus
2105 1426 2493 1490 monialium
2563 1429 2642 1492 de

2175 1528 2644 1615 Kirkeleghes.

422 1627 759 1692 Robertus
791 1626 933 1691 Gill
965 1626 1049 1691 ad
1082 1627 1356 1691 titulum
1389 1629 1732 1712 prioratus
1769 1628 1835 1693 S.
1868 1630 2225 1696 Trinitatis
2257 1633 2383 1696 civ.
2415 1634 2615 1697 Ebor.

423 1731 754 1796 Ricardus
788 1731 1267 1795 Edmoundson
1294 1732 1377 1795 ad
1407 1733 1683 1796 titulum
1715 1735 2104 1798 monasterii
2125 1737 2206 1799 de
2233 1736 2643 1802 Cokirsaund

428 1835 775 1899 Johannes
807 1834 1100 1900 Charrer
1131 1835 1215 1899 ad
1246 1834 1523 1899 titulum
1557 1838 1952 1900 monasterii
1984 1839 2066 1902 de
2096 1839 2138 1902 J
2144 1841 2403 1904 orevall

432 1940 827 2003 Willelmus
859 1940 1131 2003 Mosser
1162 1939 1244 2003 ad
1279 1939 1554 2003 titulum
1585 1941 1981 2004 monasterii
2013 1942 2094 2006 de
2127 1942 2373 2028 Heppa

429 2044 754 2108 Ricardus
784 2045 1053 2108 Pansax
1084 2043 1166 2107 ad
1198 2042 1469 2107 titulum
1504 2045 1898 2108 monasterii
1930 2045 2010 2108 de
2043 2045 2360 2132 Whalley

430 2148 818 2212 Willelmus
851 2147 1265 2217 Richerdson
1300 2146 1385 2211 ad
1417 2146 1689 2210 titulum
1722 2149 2114 2211 monasterii
2148 2149 2228 2213 de
2264 2151 2632 2216 Ooverham

429 2252 818 2316 Willelmus
851 2252 1163 2337 Typping
1194 2251 1280 2315 ad
1314 2249 1586 2315 titulum
1618 2252 2012 2315 monasterii
2048 2253 2141 2341 de
2165 2252 2423 2319 Caldre.

1290 2423 1693 2486 Presbiteri.

433 2531 674 2594 Frater
703 2527 1090 2591 Willelmus
1121 2527 1444 2592 Nicolson
1480 2528 1843 2591 canonieus
1873 2531 1956 2592 de
1990 2529 2271 2595 Watton

434 2636 680 2699 Frater
710 2634 1003 2734 Thomas
1036 2632 1249 2694 Hirde
1687 2636 1724 2802 }
1756 2634 2055 2698 canonici
2087 2634 2168 2697 de
2205 2634 2596 2700 Cokirsand.

432 2723 675 2787 Frater
708 2720 1054 2786 Gilbertus
1088 2720 1494 2803 Aynsworth

430 2811 673 2873 Frater
700 2808 740 2871 J
745 2809 994 2872 aeobus
1027 2807 1515 2892 Wayngwrigh
1682 2811 1720 2974 }

434 2898 677 2962 Frater
707 2893 1098 2958 Willelmus
1130 2893 1334 2956 Yaite

436 3004 680 3067 Frater
709 3001 913 3086 Hugo
947 2996 1314 3063 Orakhaull
1744 3003 1780 3170 }
1812 2999 2110 3064 canonici
2144 3003 2538 3066 monasterii
2572 3004 2651 3067 de

435 3091 679 3155 Frater
705 3089 747 3152 J
752 3091 1047 3153 ohannes
1081 3085 1418 3170 Gisburgh
1813 3086 2220 3151 Coverhame

371 3196 380 3202 ‘
435 3195 680 3258 Frater
700 3194 990 3256 Thomas
1011 3188 1410 3254 Wharleton
1440 3191 1798 3255 canonicus
1817 3193 2206 3256 monasterii
2234 3193 2314 3256 de
2327 3193 2652 3279 Egleston

429 3298 471 3363 J
477 3300 774 3363 ohannes
808 3293 1129 3361 Cartmell
1164 3293 1248 3356 ad
1280 3293 1553 3357 titulum
1591 3295 1926 3379 prioratus
1964 3296 2027 3359 S.
2062 3296 2421 3360 Trinitatis
2451 3298 2651 3360 Ebor.

437 3404 774 3468 Antonius
818 3400 1085 3482 Hering
1130 3397 1417 3462 Dunelm
1465 3398 1635 3462 dioc·
1683 3399 1764 3462 ad
1822 3398 2091 3464 titulum
2141 3402 2530 3464 monasterii
2574 3402 2654 3464 de

1442 3503 1790 3567 Alnewike
1822 3525 1942 3589 per
1974 3503 2210 3567 literas
2242 3504 2657 3569 dimissorias

437 3612 819 3695 Stephanus
842 3610 1146 3674 Johnson
1171 3605 1254 3671 ad
1275 3606 1547 3670 titulum
1575 3608 1811 3672 domus
1831 3608 2220 3671 monialium
2242 3610 2323 3672 de
2346 3609 2654 3693 Molseby

437 3714 810 3780 Nieholaus
863 3711 1125 3777 Stokall
1177 3709 1463 3774 Dunelm
1507 3712 1678 3774 dioc.
1728 3713 1810 3775 ad
1860 3710 2128 3774 titulum
2177 3713 2520 3797 prioratus
2573 3714 2655 3776 de

1221 3813 1782 3879 Hextildeshame
1818 3836 1938 3899 per
1970 3814 2211 3880 literas
2243 3817 2658 3881 dimissorias

435 3925 730 3988 Thomas
760 3921 1083 4004 Nutkyng
1115 3919 1200 3983 ad
1234 3918 1507 3982 titulum
1541 3920 1777 3984 domus
1810 3919 2197 3984 monialium
2232 3921 2313 3983 de
2347 3921 2654 4006 Molseby

436 4027 769 4094 Ricardus
824 4026 1048 4089 Abbot
1099 4023 1180 4086 ad
1229 4021 1500 4087 titulum
1556 4023 1792 4087 domus
1829 4023 2239 4087 monialium
2282 4024 2363 4086 de
2413 4024 2657 4087 Kirke-

562 4115 590 4140 ⁴
2411 4124 2647 4208 leghes

443 4231 833 4296 Willelmus
864 4229 1147 4293 Hobson
1181 4182 1264 4292 ad
1297 4227 1572 4292 titulum
1607 4228 2002 4292 monasterii
2033 4229 2111 4291 de
2146 4228 2532 4291 Thorneton

439 4337 767 4401 Ricardus
800 4334 1051 4399 Milnes
1083 4333 1166 4398 ad
1193 4332 1463 4397 titulum
1502 4332 1740 4396 domus
1766 4333 2158 4396 monialium
2192 4333 2272 4395 de
2313 4332 2657 4417 Synnyng-

2376 4436 2652 4501 thwaite
