3117 5025
521 425 652 492 204
1352 427 1391 491 1
1395 451 1441 492 n
1480 429 1688 494 C'oena
1719 424 2023 490 Domini.

520 632 594 698 in
624 632 887 698 nomine
916 632 1074 698 Filii
1102 631 1205 697 tui
1234 630 1276 696 J
1282 652 1400 696 esu
1433 630 1687 697 Christi
1718 635 1788 695 et
1821 629 2112 715 Spiritus
2145 628 2395 705 Sancti,
2421 648 2567 692 cum
2600 628 2850 710 quibus

529 737 600 799 in
660 736 920 801 unitate
980 735 1299 800 Deitatis*
1335 735 1649 822 gloriaris
1709 741 1780 800 et
1837 754 2085 821 regnas
2145 753 2264 818 per
2323 732 2545 797 omnia
2605 730 2854 794 saecula

532 837 942 904 saeculorum.
1028 838 1262 903 Amen.
1392 838 1404 844 ’

644 940 849 1017 Deus,
910 940 1024 1024 qui
1082 939 1153 1003 in
1219 938 1472 1004 virtute
1534 939 1765 1005 Sancti
1835 939 2128 1025 Spiritus
2195 938 2297 1004 tui
2357 936 2848 1001 imbecillarum

536 1043 859 1107 mentium
924 1042 1303 1107 rudimenta
1362 1042 1716 1107 confirmas
1776 1048 1846 1107 et
1904 1040 2343 1107 beatificando
2404 1041 2726 1115 vivificas,
2786 1046 2859 1102 te

542 1165 833 1221 oramus,
876 1143 1180 1220 Domine,
1227 1148 1304 1211 ut
1348 1143 1824 1211 sanctificando
1869 1143 2305 1225 beneffidicas
2347 1143 2473 1206 hoc
2519 1141 2757 1216 oleum,
2791 1148 2865 1206 et

544 1247 845 1312 venturis
873 1246 958 1313 ad
987 1248 1197 1312 beatae
1225 1247 1758 1333 regenerationis
1788 1246 2132 1311 lavacrum
2161 1267 2283 1331 per
2312 1244 2511 1308 istius
2543 1248 2866 1309 creaturae

546 1349 922 1417 unctionem
952 1348 1197 1413 mentis
1228 1352 1298 1414 et
1342 1348 1639 1434 corporis
1669 1349 1931 1414 tribuas
1975 1348 2481 1434 purgationem3
2532 1353 2598 1411 et
2632 1346 2687 1410 si
2720 1368 2866 1430 quae

545 1452 702 1516 illos
748 1451 1246 1516 adversantium
1300 1450 1656 1536 spirituum
1701 1451 2068 1537 impediunt
2118 1449 2438 1534 reliquiae,
2483 1450 2566 1515 ad
2610 1455 2868 1513 tactum

547 1555 751 1639 hujus
797 1552 1011 1619 sancti
1056 1552 1186 1616 olei
1230 1551 1501 1617 virtutis
1546 1557 1676 1617 tuae
1721 1553 2081 1639 praesentia
2123 1551 2507 1617 abscedant.
2596 1550 2872 1627 Nullus,

549 1655 852 1730 Domine,
884 1675 1277 1738 quaesumus,
1308 1676 1429 1740 per
1472 1655 1677 1741 hujus
1722 1656 1853 1720 olei
1899 1655 2286 1720 unctionem
2317 1654 2505 1718 locus
2550 1654 2870 1738 nequitiis

553 1756 1052 1842 spiritualibus3
1107 1757 1298 1822 nulla
1351 1758 1441 1822 sit
1491 1757 1784 1823 facultas
1835 1758 2115 1823 nocendi
2164 1757 2420 1844 refugis
2472 1758 2865 1842 spiritibus3

556 1859 747 1924 nulla
776 1860 1248 1925 insidiantibus
1294 1860 1704 1925 adversariis
1751 1860 1837 1925 ad
1866 1860 2068 1925 istius
2111 1860 2240 1923 olei
2288 1860 2666 1924 unctionem
2698 1861 2874 1924 deci-

558 1962 783 2049 piendi
813 1961 1241 2046 relinquatur
1271 1961 1588 2039 licentia3
1639 1962 1755 2027 sed
1787 1963 2097 2028 omnibus
2129 1963 2212 2027 ad
2259 1963 2667 2048 agnitionem
2701 1984 2874 2027 verae

559 2064 713 2128 fidei
745 2065 1214 2130 convertendis
1247 2070 1314 2129 et
1345 2065 1414 2129 in
1464 2070 1884 2130 sacramento
1926 2066 2355 2150 baptismatis
2399 2067 2879 2152 regenerandis

563 2170 654 2234 sit
685 2168 907 2232 oleum
935 2166 1016 2246 ›1‹
1048 2173 1390 2244 sanctum;
1440 2168 1531 2231 sit
1561 2168 1788 2232 unctio
1835 2168 1983 2252 ejus
2017 2168 2541 2248 sanctiffificatio
2587 2169 2775 2235 utilis
2808 2177 2880 2236 et

565 2271 876 2347 salubris,
910 2270 995 2337 ad
1026 2271 1517 2357 percipiendam
1550 2271 1843 2357 gratiam
1877 2271 2245 2335 coelestium
2279 2273 2778 2350 charismatum,
2811 2280 2884 2338 et

566 2376 650 2440 ad
682 2374 1110 2440 obtinendam
1144 2394 1584 2459 supernorum
1617 2373 1859 2438 civium
1904 2375 2115 2439 beatae
2145 2374 2496 2440 felicitatis
2527 2378 2888 2442 communi-

566 2498 778 2543 onem.
869 2477 1002 2542 Per
1030 2477 1387 2541 Dominum
1419 2481 1727 2541 nostrum
1757 2476 1801 2541 J
1805 2497 1992 2542 esum
2026 2477 2366 2543 Christum
2391 2478 2636 2543 Filium
2668 2486 2882 2558 tuum,

562 2581 677 2666 qui
736 2602 887 2645 cum
947 2581 1176 2644 eodem
1242 2580 1490 2666 Spiritu
1557 2579 1802 2645 Sancto
1863 2585 2087 2645 tecum
2150 2582 2370 2646 omnia
2431 2588 2750 2668 operatur
2807 2585 2878 2648 in

566 2685 892 2770 omnibus,
926 2683 994 2746 in
1042 2684 1283 2767 quibus
1332 2683 1504 2747 vivis
1551 2688 1622 2747 et
1666 2683 2053 2760 dominaris,
2084 2685 2304 2749 trinus
2337 2690 2404 2750 et
2451 2708 2624 2751 unus
2669 2687 2881 2765 DeuS,

568 2808 688 2873 per
720 2787 942 2850 omnia
973 2785 1215 2850 saecula
1247 2785 1663 2850 saeculorum.
1751 2788 1991 2850 Amen.

651 2887 790 2946 Post
838 2889 971 2958 hoec,
1018 2895 1316 2945 revertente
1358 2888 1628 2964 pontifice
1675 2887 1755 2945 ad
1799 2888 1982 2946 sedem
2026 2909 2210 2960 suam,
2258 2890 2372 2948 duo
2415 2901 2666 2951 cantores
2708 2896 2884 2953 claris

569 2983 793 3041 vocibus
832 2983 1124 3039 decantent
1165 2981 1459 3059 hymnum,
1492 2982 1544 3040 O
1589 2980 1966 3061 Redemptor.
2050 2983 2395 3063 Incipiendo
2434 3007 2675 3059 versum,
2709 2989 2886 3050 Stans

569 3078 645 3135 ad
673 3096 855 3147 aram,
885 3082 1083 3151 surqat
1101 3074 1380 3153 pontifex.

652 3172 826 3229 Dicto
872 3171 1097 3248 hymm,
1142 3177 1459 3228 revertatur
1504 3171 1793 3249 episcopus
1841 3172 1921 3230 ad
1967 3172 2168 3245 altare,
2212 3182 2264 3232 et
2302 3174 2592 3250 deferatur
2639 3196 2677 3234 a
2725 3179 2890 3237 tertio

573 3267 815 3325 diacono
868 3265 1129 3343 ampulla
1175 3284 1304 3322 cwm
1359 3265 1492 3336 oleo,
1545 3287 1670 3343 quoe
1721 3266 1883 3325 habet
1929 3268 2362 3346 inscriptionem
2414 3270 2739 3329 chrismatis
2761 3294 2787 3344 ;
2839 3283 2891 3331 et

572 3367 875 3419 misceatur
900 3360 965 3418 in
993 3381 1060 3418 ea
1088 3359 1424 3450 balsamum,
1450 3381 1620 3437 super
1645 3380 1820 3437 quam
1860 3362 2152 3440 episcopus
2179 3370 2264 3421 ter
2301 3365 2529 3440 siquam
2570 3371 2775 3439 crucis,
2809 3377 2893 3427 ter

573 3458 805 3533 sufflans
831 3458 899 3514 in
924 3475 1010 3525 ea,
1044 3471 1335 3512 conversus
1362 3454 1441 3511 ad
1467 3456 1761 3527 orientem,
1792 3456 1879 3513 ita
1908 3457 2198 3516 benedicat
2225 3458 2492 3529 chrisma,
2525 3460 2734 3520 dicens.

664 3551 826 3614 Haec
857 3549 1241 3615 commixtio
1273 3543 1606 3632 liquorum
1637 3550 1761 3615 fiat
1790 3551 2097 3615 omnibus
2130 3554 2473 3637 perunctis
2503 3556 2895 3639 propitiatio

576 3663 645 3717 et
675 3654 981 3718 custodia
1011 3652 1332 3717 salutaris
1363 3652 1431 3715 in
1466 3651 1711 3717 saecula
1745 3654 2153 3718 saeculorum.
2244 3656 2479 3720 Amen.

657 3756 778 3814 Hic
804 3756 1035 3813 dicatur
1059 3754 1320 3831 hymnus,
1357 3754 1511 3813 Veni
1544 3755 1806 3816 Creator.
1895 3755 2181 3834 Sequitur.

664 3850 991 3913 Dominus
1020 3849 1379 3914 vobiscum.

665 3954 966 4027 Oremus,
1004 3951 1040 3989 '¹‘
1083 3952 1330 4016 fratres
1376 3953 1728 4032 carissimi,
1773 3954 1988 4020 Deum
2034 3958 2304 4022 Patrem
2352 3960 2898 4043 omnipotentem,

579 4055 726 4122 coeli
772 4061 1100 4138 terraeque
1147 4054 1581 4133 conditorem,
1629 4059 1744 4141 qui
1788 4059 2123 4145 unigeniti
2167 4061 2324 4125 Filii
2372 4062 2478 4126 sui
2522 4064 2903 4128 admirabili

575 4157 908 4245 patientia
954 4157 1355 4221 mirabiliter
1400 4161 1707 4243 pereunti
1767 4163 2081 4228 subvenit
2126 4166 2391 4243 mundo,
2441 4171 2518 4230 ut
2562 4168 2758 4232 nobis
2802 4168 2901 4232 in-

581 4313 614 4347 *
654 4313 727 4366 In
752 4311 835 4366 the
862 4311 1080 4381 Mai-qiu
1106 4311 1243 4366 there
1269 4313 1316 4365 is
1340 4314 1513 4367 added
1530 4334 1551 4378 ,·
1593 4315 1820 4385 legendo
1849 4335 1994 4373 more
2019 4322 2297 4374 communi
2325 4331 2657 4380 cumscantu.
