3117 5025
507 393 635 458 374
1085 392 1622 460 eronfmtio
1651 392 2203 476 Archiepiscopi.

587 587 688 650 Ac
747 582 1139 670 ingrediens
1205 586 1451 651 ostium
1518 583 1924 652 occidentale
1990 578 2314 646 Ecclesiae
2380 571 2808 643 Oatbedralis

498 689 850 776 praedictae,
885 709 1007 776 per
1046 688 1348 756 dominos
1377 690 1723 755 Decanum
1756 694 1829 754 et
1870 688 2353 752 Praecentorem
2397 701 2575 766 aqua
2603 679 2807 744 bene·

500 793 687 860 dicta
729 799 839 859 est
874 814 1194 879 aspersus
1239 800 1310 860 et
1352 795 1846 880 subsequenter
1868 790 2321 857 thurificatus
2373 792 2502 851 est..
2591 784 2816 847 Textu

497 897 834 983 evangelii
867 919 990 982 per
1030 898 1253 982 ipsum
1298 899 1539 964 devote
1583 895 1909 972 osculato,
1940 892 2502 980 processioneque
2526 889 2597 951 in
2640 885 2807 950 navi

501 999 801 1066 ecclesiae
859 1000 1189 1085 praedictae
1248 1006 1496 1078 stante,
1548 1006 1630 1067 ut
1682 1005 1790 1065 est
1837 1000 2069 1074 moris,
2118 994 2444 1082 praefatus
2494 990 2809 1056 dominus

504 1104 1067 1190 Archiepiscopus
1092 1105 1160 1169 in
1180 1105 1328 1171 loco
1352 1105 1653 1170 inferiori
1680 1104 1872 1169 dictae
1896 1098 2349 1188 processionis
2367 1097 2452 1163 ad
2475 1094 2809 1182 quoddam

502 1206 871 1275 scabellum
916 1230 1038 1294 pro
1083 1208 1229 1295 ipso
1259 1214 1340 1274 ut
1382 1206 1608 1274 decuit
1652 1208 1934 1272 honeste
1966 1204 2348 1269 ordinatum
2393 1198 2807 1287 genuflexit3

497 1310 716 1379 Ohoro
764 1311 1040 1377 interim
1099 1317 1418 1393 cantante
1477 1309 2008 1396 Responsorium
2068 1309 2363 1371 Summoe
2425 1301 2804 1368 Trinitatis

500 1438 649 1483 cum
680 1416 901 1481 Versu
931 1423 1003 1481 et
1037 1416 1285 1480 Gloria
1314 1417 1526 1480 Patri
1556 1414 1885 1499 ejusdem.

584 1519 892 1605 Ipsisque
955 1541 996 1585 a
1063 1521 1266 1584 choro
1325 1518 1730 1596 decantatis,
1791 1515 2116 1604 praefatus
2183 1512 2493 1578 dominus
2558 1508 2800 1574 Archi-

500 1624 853 1710 episcopus
896 1623 1419 1709 genuflectendo,
1453 1629 1531 1688 ut
1564 1622 1933 1709 praefertur,
1964 1620 2303 1703 tactisque
2348 1636 2471 1701 per
2513 1611 2797 1677 eundem

502 1727 952 1793 sacrosanctis
981 1727 1376 1812 Evangeliis
1406 1727 1475 1791 in
1507 1749 1710 1792 manu
1753 1724 1999 1791 domini
2046 1721 2301 1789 Decani
2346 1717 2810 1785 osculantibus

500 1830 768 1895 domino
810 1834 1218 1915 praecentore
1263 1851 1521 1895 necnon
1568 1829 1916 1916 magistris
1958 1828 2024 1893 J.
2073 1826 2330 1891 Selovve
2371 1828 2440 1887 et
2490 1821 2803 1886 Johanno

502 1933 834 1998 Wodham
876 1932 1233 1998 Canonicis
1280 1933 1792 1999 Residentiariis
1829 1932 2126 1997 ecclesiae
2172 1928 2501 2015 praedictae
2542 1946 2804 1990 necnon

500 2037 761 2105 Thoma
789 2036 874 2103 de
904 2037 1071 2102 Alta
1099 2038 1276 2124 Ripa
1305 2037 1554 2102 clerico
1579 2037 1847 2102 notario
1878 2036 2145 2121 publico
2178 2039 2251 2099 et
2280 2031 2460 2097 aliis.

585 2141 629 2207 J
633 2148 1060 2207 uramentum
1091 2142 1162 2206 in
1204 2142 1487 2226 quodam
1531 2148 1725 2205 textu
1768 2139 2119 2225 Evangelii
2168 2133 2708 2221 scriptum'legit
2735 2138 2812 2200 et

481 2247 745 2333 juravit
774 2247 843 2309 in
877 2246 1161 2311 formam
1192 2247 1545 2310 verborum
1579 2268 1700 2331 per
1729 2246 1957 2310 omnia
1989 2241 2492 2327 subsequentia.

588 2351 680 2416 In
712 2351 844 2416 Dei
889 2353 1156 2414 nomine
1198 2354 1441 2415 Amen.
1528 2351 1681 2435 qu
1725 2349 2081 2414 Joharmeo
2119 2348 2366 2437 qratia
2409 2346 2544 2410 Dei
2584 2344 2801 2410 Ebor.

498 2455 1081 2536 Archiepiscopus
1114 2454 1229 2535 ᾅσ.
1242 2454 1413 2539 juro
1445 2453 1559 2535 5³0.

583 2558 837 2644 Quibus
869 2560 965 2622 sic
994 2557 1217 2634 factis,
1249 2555 1593 2622 Psalmum
1645 2533 1731 2621 Te
1766 2557 1982 2621 Deum
2010 2556 2419 2620 Laudamus
2465 2574 2507 2618 a
2534 2552 2806 2618 domino
2929 2611 2937 2617 .

496 2663 769 2728 Decano
829 2661 974 2726 alta
1030 2682 1191 2725 voce
1252 2661 1616 2745 inceptum,
1666 2667 1858 2725 totus
1913 2662 2179 2727 Chorus
2237 2657 2656 2745 procedendo
2715 2657 2805 2722 ad

494 2768 789 2834 Chorum
849 2765 1070 2849 ipsum
1135 2765 1475 2830 Psalmum
1543 2766 1791 2832 ibidem
1855 2766 2279 2831 sollemniter
2337 2761 2802 2849 praecantavit,

493 2870 763 2935 domino
796 2869 1322 2955 Archiepiscopo
1342 2870 1614 2935 interim
1646 2870 2068 2955 procedendo
2099 2869 2184 2935 ad
2216 2888 2547 2933 summum
2578 2865 2799 2931 altare

495 2976 795 3042 ecclesiae
829 2975 1177 3061 praedictae.

578 3081 669 3146 Et
716 3078 964 3145 ibidem
1010 3079 1522 3163 genuflectendo
1566 3080 1648 3145 ad
1698 3081 2032 3165 quoddam
2080 3079 2447 3145 scabellum
2489 3100 2614 3164 pro
2653 3079 2805 3163 ipso

467 3183 856 3249 ‘honorifice
919 3181 1302 3245 ordinatum
1364 3183 1673 3248 dominus
1730 3184 2044 3249 Decanus
2102 3184 2388 3249 devotas
2449 3184 2797 3249 orationes

492 3310 639 3356 cum
695 3288 901 3353 certis
951 3286 1304 3351 versiculis
1352 3288 1438 3351 ad
1491 3287 1876 3373 hujusmodi
1931 3296 2159 3354 actum
2205 3288 2538 3353 ordinatis
2594 3309 2800 3376 super

491 3394 713 3481 ipsum
743 3390 1150 3456 decantavit.

575 3497 832 3582 Quibus
874 3496 972 3561 sic
1017 3495 1239 3572 factis,
1271 3493 1596 3579 praefatus
1639 3496 2214 3582 Archiepiscopus
2258 3496 2671 3583 procedebat
2714 3498 2798 3563 ad

490 3601 896 3667 vestibulum
962 3605 1147 3664 retro
1215 3598 1435 3664 altare
1496 3621 1622 3686 pro
1688 3601 1838 3686 ipso
1905 3601 2312 3667 ordinatum.
2433 3602 2570 3666 Ubi
2634 3612 2794 3688 post

487 3705 901 3772 lavationem
948 3703 1195 3788 pedum
1238 3724 1513 3767 suorum
1560 3704 1913 3783 calciatus,
1947 3708 2296 3791 sacrisque
2343 3707 2654 3772 vestibus
2699 3708 2803 3772 in-

488 3812 715 3886 dutus,
777 3809 1099 3872 mitratus
1159 3813 1230 3873 et
1288 3808 1637 3893 palliatus,
1688 3810 2001 3875 baculum
2066 3831 2258 3874 suum
2319 3810 2666 3896 pastorale
2725 3812 2796 3877 in

487 3914 797 3980 manibus
830 3912 971 3976 suis
1004 3918 1246 3976 tenens
1274 3913 1677 3997 procedebat
1707 3913 1790 3978 ad
1830 3934 2162 3979 summum
2195 3911 2414 3979 altare
2446 3921 2518 3980 et
2546 3914 2792 3980 ibidem

484 4018 764 4105 pallium
839 4036 1035 4081 suum
1104 4037 1372 4081 sacrum
1438 4020 1717 4104 recepit.
1809 4020 2046 4105 Ibique
2112 4020 2625 4106 genuflectendo
2701 4022 2790 4087 ad

487 4119 855 4189 scabellum
902 4124 982 4183 ut
1032 4119 1243 4205 prius,
1289 4121 1604 4187 dominus
1651 4121 1968 4189 Decanus
2021 4124 2358 4209 quandam
2411 4126 2790 4191 orationem

482 4229 792 4293 devotam
854 4243 1006 4287 cum
1064 4225 1422 4290 versiculis
1482 4226 1786 4311 ejusdem
1847 4248 2054 4315 supra
2109 4228 2363 4294 dictum
2425 4227 2787 4295 Dominum

488 4326 1082 4413 Archiepiscopum
1115 4328 1355 4393 devote
1385 4333 1839 4413 percantavit.
2320 4416 2326 4420 .

568 4433 821 4519 Quibus
853 4431 1252 4509 decantatis,
1280 4427 1602 4519 praefatus
1630 4435 1942 4502 dominus
1974 4436 2539 4527 Archiepiscopus
2571 4443 2788 4507 erexit
