3117 5025
832 447 1270 514 Cenum-atio
1300 449 1560 515 altaris
1590 450 1737 515 eine
1765 450 2106 517 Ecclesia.
2490 451 2621 515 113

392 649 536 714 Pax
567 653 810 717 tecum.

389 753 479 818 Et
509 775 657 819 cum
690 757 935 842 spiritu
963 763 1102 825 tuo·

379 856 465 915 Et
490 866 774 935 repetatur
789 881 901 938 per
925 861 1224 939 quodlibet,
1251 860 1305 919 si
1326 859 1518 938 pluo-es
1541 861 1676 921 sint.

382 950 632 1011 Interim
656 961 912 1013 cantetur
937 955 1272 1033 antiphona.

294 1100 2627 1175 Ἥ

2088 1171 2370 1210 -ι-

391 1257 626 1321 Ma-ne
672 1278 791 1322 sur
820 1296 848 1308 -
876 1279 1045 1344 gens
1095 1258 1140 1324 J
1143 1260 1338 1323 a-cob
1410 1279 1448 1323 e
1497 1296 1526 1309 -
1575 1258 1682 1322 ri-
1700 1280 1786 1345 ge
1808 1259 1973 1325 -bat
2040 1259 2111 1324 la
2142 1297 2171 1310 -
2199 1260 2270 1344 pi
2301 1297 2328 1309 -
2359 1260 2509 1324 dem
2558 1259 2627 1321 in

298 1422 2628 1551 Q

298 1578 765 1645 ti-tu-lum
824 1581 1195 1646 fun-dens
1257 1581 1652 1647 o-le-um
1713 1582 2178 1667 de-sup-er
2248 1587 2626 1647 vo--tum

874 1854 1231 1893 ———·-

2466 1852 2629 1909 Ι-Ι-

301 1959 396 2004 vo
417 1978 444 1989 -
464 1941 563 2006 vit
590 1940 695 2006 Do
725 1980 753 1992 -
785 1942 877 2005 mi
907 1980 934 1993 -
963 1964 1051 2008 no
1157 1963 1239 2008 ve
1270 1921 1400 2008 -Τθ
1452 1943 1521 2009 lo
1552 1981 1580 1995 -
1611 1964 1728 2009 cus
1772 1945 1833 2009 is
1861 1983 1890 1996 -
1920 1949 1990 2009 te
2043 1949 2318 2009 sanetus
2393 1948 2501 2009 est
2560 1948 2630 2006 et

563 2141 1331 2208 π

302 2283 502 2348 e-go
636 2283 755 2328 nes
787 2301 813 2315 ·
843 2264 904 2329 ci
934 2302 962 2313 -
992 2264 1268 2330 e-bam.

1128 2420 1775 2565 {ff

347 2617 352 2620 ·
398 2592 487 2656 In
522 2601 813 2675 tempore
843 2595 1203 2672 Paschali,
1235 2593 1400 2660 al-le
1431 2633 1458 2645 -
1491 2594 1697 2679 lu-ya.

597 2772 1698 2898 ΞΞἮ

400 2919 526 2983 Pe.
618 2918 904 2994 Bo-num
935 2924 1038 2983 est·
1070 2918 1270 2982 con-fi
1301 2956 1329 2990 -,
1359 2926 1428 2982 te
1459 2956 1486 2968 -
1518 2918 1598 2982 ri.

403 3021 668 3086 Oratio.
757 3019 964 3096 Deus,
1017 3020 1132 3104 qui
1185 3020 1269 3085 ad
1331 3020 1877 3085 sanctificandum
1931 3020 2448 3107 primogenitum
2508 3020 2633 3086 tibi
2706 3059 2718 3071 ·

305 3123 630 3210 populum
671 3122 1089 3188 tabernaculi
1135 3123 1477 3207 exemplar
1521 3123 1592 3185 in
1637 3128 1863 3188 monte
1912 3124 2073 3188 Sina
2119 3124 2342 3210 Moysi
2380 3124 2633 3188 famulo

302 3235 425 3292 tuo
491 3225 793 3311 mysticis
862 3225 1460 3310 significationibus
1525 3225 2025 3303 demonstrasti,
2086 3227 2442 3291 secundum
2512 3248 2634 3290 coe-

304 3330 579 3395 lestium
629 3329 912 3393 formam
972 3328 1176 3393 terris
1225 3333 1532 3394 sanetum
1584 3328 1965 3412 disponens,
2019 3333 2097 3393 ut
2154 3329 2240 3393 ad
2291 3333 2361 3393 te
2412 3327 2632 3412 ipsum

306 3438 544 3498 nostra
574 3454 715 3517 quae
761 3432 1074 3497 videntur
1117 3433 1516 3510 attraheres,
1561 3437 1632 3497 et
1662 3433 1972 3516 supernis
2015 3438 2288 3497 terrena
2320 3432 2635 3510 sociares,

309 3542 646 3621 quatenus
691 3536 1065 3600 eminentiae
1111 3536 1484 3621 spiritualis
1531 3537 1692 3601 illue
1722 3536 2034 3602 tenderet
2077 3541 2146 3601 te
2190 3541 2474 3601 vocante
2503 3536 2641 3621 fas-

306 3639 577 3725 tigium,
629 3638 805 3703 unde
864 3643 934 3703 te
994 3638 1344 3704 ordinante
1406 3638 1693 3723 sumpsit
1748 3638 2133 3715 exordium3
2191 3639 2320 3704 hoe
2373 3658 2636 3723 quoque

310 3742 533 3807 altare
581 3741 992 3807 salutaribus
1037 3741 1453 3806 celebrandis
1491 3740 1975 3826 redemptionis
2018 3733 2359 3828 mysteriis
2390 3764 2644 3828 praepa-

307 3848 537 3910 ratum
580 3864 731 3908 rore
774 3844 1065 3909 eoelestis
1109 3844 1439 3928 unguenti
1482 3866 1787 3930 asperge,
1830 3850 1901 3910 et
1947 3845 2361 3911 aromatibus
2405 3846 2642 3911 divinae

312 3947 866 4013 sanctificationis
907 3948 1251 4033 perfunde,
1284 3969 1363 4011 ae
1392 3968 1635 4011 munus
1677 3947 1910 4032 gratiae
1956 3949 2413 4017 consecrantis
2447 3969 2650 4034 super

308 4051 482 4116 illud
524 4051 830 4136 placatus
874 4051 1160 4135 impone,
1207 4051 1613 4136 dignumque
1660 4051 1751 4116 sit
1797 4072 1998 4135 super
2041 4052 2219 4137 quod
2266 4052 2518 4117 electas
2562 4052 2647 4116 ad

310 4153 712 4220 sacrificium
766 4159 1115 4219 creaturas
1168 4154 1238 4218 in
1298 4174 1541 4240 eorpus
1602 4160 1670 4218 et
1725 4154 2121 4239 sanguinem
2172 4154 2642 4238 Redemptoris

310 4258 536 4323 virtus
583 4263 844 4321 secreta
887 4261 1259 4334 convertat,
1293 4261 1362 4320 et
1404 4257 1474 4318 in
1523 4277 1753 4321 sacras
1796 4256 1977 4342 Agni
2020 4256 2284 4321 hostias
2327 4256 2650 4321 invisibili

307 4360 693 4425 imitatione
740 4359 1191 4437 transcribat3
1240 4364 1315 4423 ut
1361 4358 1535 4424 sieut
1566 4360 1863 4425 Verbum
1913 4381 2067 4424 earo
2115 4360 2363 4425 factum
2396 4364 2519 4438 est,
2552 4361 2651 4424 ita

494 4462 669 4526 Pont
701 4462 783 4523 14
