3117 5025
538 427 666 493 12²6
1126 431 1527 497 Benedictio
1561 430 1825 513 lapidis
1843 427 2247 513 portabilia.

540 632 865 712 illustres,
899 636 1174 719 pietatis
1203 644 1332 701 tuae
1363 658 1514 701 rore
1547 638 1585 677 ’¹‘
1630 631 2106 712 sancti-Idicem
2142 640 2220 699 ut
2249 635 2624 718 ubicunque
2655 633 2865 697 fuerit

539 756 835 820 aspersa,
887 759 1010 821 per
1058 739 1545 804 invocationem
1606 737 1709 802 tui
1770 737 1985 802 sancti
2044 737 2333 802 nominis
2387 737 2603 802 omnis
2655 735 2858 799 infes-

540 838 712 902 tatio
743 838 1066 905 immundi
1091 842 1367 927 spiritus
1396 841 1774 925 abjiciatur,
1799 846 2150 924 terrorque
2176 840 2496 904 venenosi
2526 838 2860 922 serpentis

540 941 769 1025 procul
821 942 1137 1026 pellatur,
1181 950 1250 1009 et
1294 943 1653 1029 praesentia
1706 942 1934 1008 Sancti
1989 943 2278 1028 Spiritus
2329 939 2857 1007 misericordiam

539 1050 724 1108 tuam
784 1047 1210 1129 poscentibus
1269 1046 1516 1131 ubique
1577 1045 1816 1111 adesse
1875 1044 2209 1131 dignetur.
2309 1045 2441 1110 Per
2495 1042 2857 1108 Dominum

540 1152 864 1213 nostrum.
954 1150 1034 1213 In
1066 1150 1325 1214 unitate
1356 1149 1678 1235 ejusdem.

628 1250 1032 1316 Benedictio
1060 1254 1227 1316 vini.

630 1351 913 1417 Domine
942 1354 986 1418 J
989 1375 1108 1418 esu
1141 1353 1428 1431 Christe,
1459 1352 1576 1438 qui
1607 1372 1681 1417 es
1711 1352 1872 1416 vitis
1902 1372 2082 1429 vera,
2113 1352 2228 1437 qui
2258 1352 2327 1416 in
2361 1350 2549 1417 Cana
2576 1349 2866 1416 Galilaeae

542 1453 769 1517 vinum
801 1476 883 1518 ex
914 1477 1091 1540 aqua
1118 1456 1361 1533 fecisti,
1400 1454 1870 1539 bene—Iadicere
1909 1459 1980 1519 et
2012 1450 2514 1531 sanctitxnficare
2559 1454 2864 1540 digneris

540 1557 711 1621 hanc
762 1564 1138 1623 creaturam
1185 1559 1344 1635 vini,
1391 1565 1468 1623 ut
1510 1557 1888 1641 ubicunque
1931 1556 2086 1620 fusa
2130 1556 2236 1621 vel
2282 1576 2594 1642 respersa
2631 1556 2864 1631 fuerit,

543 1658 848 1738 Domine,
907 1658 1470 1738 beneffidictionis
1528 1664 1662 1723 tuae
1721 1657 2065 1743 opulentia
2118 1658 2482 1743 repleatur,
2546 1658 2863 1723 Salvator

542 1762 794 1826 mundi.
881 1761 1008 1847 Qui
1031 1763 1204 1827 vivis
1233 1769 1304 1828 et
1330 1782 1579 1848 regnas
1603 1783 1751 1826 cum
1781 1760 1926 1827 Deo
1957 1761 2160 1826 Patre
2188 1760 2259 1824 in
2284 1761 2545 1827 unitate
2571 1760 2865 1847 Spiritus

545 1864 794 1941 Sancti,
825 1864 1031 1929 Deus.

624 1965 856 2026 Deinde
872 1975 1056 2046 ponat
1080 1968 1281 2026 vinum
1306 1966 1374 2025 in
1399 1966 1590 2043 ipsam
1615 1985 1846 2042 aquam,
1875 1963 2084 2023 dicens.

633 2063 790 2128 Fiat
811 2063 1192 2128 commixtio
1222 2083 1407 2145 aquae
1439 2068 1509 2124 et·
1531 2060 1669 2124 vini
1699 2059 1783 2123 ad
1808 2058 2371 2124 consecrationem
2390 2058 2505 2141 huj
2516 2080 2595 2123 us
2623 2058 2870 2125 tabulae

544 2177 615 2237 et
639 2171 906 2256 lapidis.
995 2173 1074 2237 In
1105 2171 1372 2236 nomine
1404 2168 1628 2233 Patris
1647 2164 1721 2239 ᾧ
1743 2173 1813 2232 et
1835 2166 1995 2230 Filii
2013 2169 2089 2243 *1⁴
2106 2171 2176 2232 et
2208 2165 2499 2253 Spiritus
2525 2165 2599 2240 *1⁴
2630 2166 2864 2232 Sancti

546 2283 780 2341 Amen.

634 2381 1033 2445 Benedictio
1064 2398 1264 2461 aqaae
1294 2397 1441 2440 cum
1472 2375 1631 2438 vino
1660 2373 1913 2436 mioetae.

555 2505 557 2507 ’
636 2483 1070 2569 Omnipotens
1094 2479 1496 2565 sempiterne
1517 2476 1726 2554 Deus,
1750 2479 2013 2541 creator
2036 2479 2107 2540 et
2134 2479 2568 2540 conservator
2588 2475 2867 2542 humani

546 2588 835 2674 generis,
890 2592 961 2650 et
1010 2585 1207 2649 dator
1262 2582 1498 2667 gratiae
1553 2577 1946 2665 spiritualis,
2000 2585 2201 2663 atque
2261 2577 2549 2665 largitor
2606 2586 2870 2645 aeternae

548 2692 811 2768 salutis,
841 2691 1037 2754 mitte
1088 2687 1411 2772 Spiritum
1457 2693 1648 2750 tuum
1682 2683 1996 2748 Sanctum
2047 2703 2247 2767 super
2283 2683 2411 2747 hoc
2454 2684 2680 2747 vinum
2714 2705 2867 2748 cum

543 2816 717 2878 aqua
775 2793 1080 2866 mixtum,
1132 2795 1211 2853 ut
1253 2794 1587 2854 armatum
1644 2785 1932 2851 coelestis
1983 2784 2368 2850 defensione
2426 2785 2722 2862 virtutis,
2775 2787 2863 2851 ad

543 2896 1112 2962 consecrationem
1160 2891 1363 2976 hujus
1423 2889 1666 2956 tabulae
1717 2887 2042 2973 proficiat.
2131 2889 2262 2953 Per
2312 2886 2688 2953 Dominum.
2782 2890 2863 2954 In

545 3000 806 3063 unitate
836 2996 1156 3079 ejusdem.

628 3102 788 3159 Tunc
812 3105 1001 3156 sumat
1038 3098 1109 3154 de
1134 3097 1242 3155 illa
1282 3115 1437 3173 aqua
1475 3093 1834 3170 sanctificata
1860 3092 1928 3150 in
1952 3090 2245 3169 quandam
2273 3112 2543 3173 parvam·
2552 3093 2790 3171 pelvim,
2818 3104 2871 3152 et

544 3216 674 3255 cum
704 3193 912 3273 pollice
949 3212 1049 3249 suo
1088 3190 1335 3249 chrisma
1361 3189 1430 3247 in
1467 3187 1635 3246 illam
1676 3207 1888 3264 aquam
1925 3185 2209 3244 modicam
2243 3194 2528 3263 sumptam
2565 3188 2760 3247 mittat
2798 3190 2866 3247 in

543 3291 775 3351 modum
800 3287 1000 3358 crucia,
1032 3286 1115 3345 sic
1140 3283 1395 3343 dicenda

630 3384 1097 3451 Sanctificetur
1140 3401 1317 3465 aqua
1358 3379 1493 3444 ista
1535 3377 1664 3440 hoc
1710 3373 2062 3440 salutifero
2107 3373 2469 3437 chrismate
2515 3380 2585 3438 et
2628 3382 2866 3441 nostra

540 3487 1083 3571 beneffldictione
1147 3483 1234 3548 ad
1285 3479 1858 3546 consecrationem
1910 3475 2115 3558 hujus
2167 3475 2412 3539 tabulae
2466 3483 2539 3541 et
2597 3476 2866 3562 lapidis.

543 3595 625 3659 In
655 3590 924 3656 nomine
954 3586 1180 3652 Patris
1209 3582 1288 3662 ᾧ
1319 3592 1391 3648 et
1417 3581 1576 3647 Filii
1604 3575 1685 3655 *1⁴
1716 3583 1786 3643 et
1819 3577 2112 3662 Spiritus
2138 3574 2212 3649 *1⁴
2244 3577 2496 3641 Sancti.
2587 3580 2829 3643 Amen.

631 3693 794 3752 Tunc
821 3691 889 3750 de
928 3709 1080 3767 aqua
1123 3688 1433 3746 chrismata
1455 3684 1652 3762 faciat
1694 3701 1912 3740 crucem
1952 3680 2019 3738 in
2058 3679 2246 3738 medio
2285 3699 2490 3738 mensae
2517 3682 2730 3741 tabulae
2772 3684 2862 3742 vel

542 3791 759 3871 lapi-dis
787 3797 838 3848 et
863 3788 930 3846 in
956 3794 1200 3864 quatuor
1227 3782 1473 3860 anyulis,
1503 3786 1750 3858 repetens
1777 3777 1842 3834 in
1870 3775 2116 3853 qualibet
2143 3774 2422 3835 unctione.

627 3895 1167 3969 Sanctiffificetur
1196 3894 1334 3957 haec
1364 3888 1603 3956 tabula
1630 3886 1780 3973 (vel
1810 3885 2036 3970 lapis).
2130 3884 2208 3948 In
2243 3885 2506 3949 nomine
2541 3888 2768 3953 Patris
2790 3889 2865 3963 ’Β

540 4014 610 4071 et
637 4002 796 4069 Filii
823 3997 905 4077 >1⁴
937 4004 1008 4064 et
1038 3996 1331 4082 Spiritus
1358 3991 1440 4071 >1⁴
1474 3991 1723 4057 Sancti.
1818 3990 2052 4054 Amen.

539 4211 573 4248 ὓ
611 4207 716 4262 MS
739 4221 896 4259 more.
