3117 5025
541 382 667 447 140
800 396 804 400 ’
1309 391 1706 455 Benedictio
1738 392 2082 456 Eremitoe.

1130 818 1705 900 [BENEDICTIO
1751 819 2237 907 EREM1TAE.]

629 1061 813 1126 Ordo
844 1062 1145 1145 qualiter
1172 1066 1456 1129 eremita
1469 1064 1706 1149 faciat
1722 1063 2241 1145 professionem.

619 1163 855 1228 Primo
900 1167 1181 1231 dicatur
1225 1167 1565 1244 Psalmus,
1598 1166 1926 1231 Miserere
1969 1163 2100 1228 mei
2144 1163 2352 1240 Deus,
2393 1165 2484 1228 ab
2530 1164 2850 1246 episcopo

543 1288 692 1331 cum
724 1266 954 1332 Gloria
984 1268 1192 1335 Patri.

613 1368 737 1440 Quo
775 1370 943 1442 dicto,
984 1372 1212 1430 accedat
1254 1371 1490 1430 eremita
1534 1390 1666 1429 cum
1702 1368 1938 1428 vestibus
1983 1368 2122 1439 suis,
2167 1375 2219 1426 et
2256 1369 2618 1445 qenuflectens
2661 1377 2851 1446 ponat

533 1483 725 1522 coram
750 1465 1022 1544 episcopo,
1053 1467 1156 1543 qui
1182 1466 1508 1543 alloquatur
1532 1465 1589 1523 ei
1613 1464 1682 1522 de
1700 1462 1992 1541 proposito
2021 1462 2321 1521 castitatis.

614 1558 841 1618 Deinde
868 1561 1012 1637 ἱεραί
1028 1560 1428 1639 professionem
1454 1580 1620 1618 suam
1647 1561 1746 1618 hoc
1773 1559 1955 1617 modO.

618 1653 763 1739 Ego
808 1654 898 1720 N.
952 1677 1085 1720 non
1128 1657 1526 1741 conjugatus
1578 1654 1898 1740 promitto
1943 1657 2010 1718 et
2056 1674 2265 1718 voveo
2311 1652 2454 1718 Deo
2507 1659 2579 1719 et
2627 1656 2841 1720 beatae

531 1755 766 1822 Mariae
797 1769 861 1821 et
907 1758 1212 1823 omnibus
1252 1759 1524 1836 sanctis,
1554 1759 1624 1822 in
1669 1758 2025 1843 praesentia
2067 1757 2417 1821 reverendi
2463 1758 2534 1822 in
2580 1757 2854 1823 Christo

528 1861 743 1945 patris
766 1861 1015 1925 domini
1045 1863 1133 1926 N.
1157 1866 1228 1926 et
1243 1863 1331 1927 N.
1364 1862 1676 1946 episcopi,
1701 1861 2116 1945 propositum
2146 1861 2485 1926 castitatis
2507 1867 2847 1947 perpetuae

521 1963 724 2046 juxta
779 1964 1084 2049 regulam
1142 1965 1322 2029 beati
1383 1964 1598 2029 Pauli.
1687 1963 1768 2027 In
1829 1964 2093 2028 nomine
2152 1963 2377 2059 Patris
2437 1970 2509 2029 et
2567 1964 2729 2030 Filii
2781 1969 2859 2029 et

537 2064 833 2150 Spiritus
870 2066 1117 2132 Sancti.
1206 2068 1443 2132 Amen.

614 2166 845 2227 Deinde
870 2168 1054 2228 crucis
1074 2168 1258 2240 faciat
1281 2169 1511 2246 siqnum
1536 2168 1604 2226 in
1616 2169 1740 2244 fine
1757 2165 2147 2245 professionis,
2178 2175 2229 2226 et
2256 2166 2452 2226 tradat
2477 2168 2751 2247 episcopo.

618 2262 781 2323 Tunc
807 2264 964 2323 dicat
989 2265 1275 2344 episcopus
1303 2265 1450 2323 hanc
1478 2264 1795 2322 orationem
1823 2283 1992 2342 super
2017 2282 2146 2322 eum
2166 2271 2541 2342 prostratum.

619 2356 923 2425 Oremus.

611 2461 885 2540 Praesta,
927 2483 1323 2549 quaesumus,
1370 2461 1792 2548 omnipotens
1836 2460 2042 2538 Deus,
2075 2460 2232 2527 huic
2278 2461 2533 2527 famulo
2580 2466 2697 2529 tuo
2742 2484 2852 2528 re-

524 2566 871 2631 nuncianti
939 2566 1160 2631 saeculi
1224 2566 1508 2652 pompis,
1567 2565 1802 2649 gratiae
1869 2571 2001 2630 tuae
2061 2565 2311 2649 januas
2378 2565 2646 2650 aperiri,
2707 2567 2855 2651 qui,

526 2668 841 2754 despecto
872 2667 1161 2744 diabolo,
1184 2667 1488 2753 confugit
1520 2667 1643 2731 sub
1665 2667 1867 2733 titulo
1899 2666 2176 2732 Christi.
2267 2667 2311 2731 J
2314 2670 2443 2732 ube
2475 2669 2859 2734 venientem

525 2771 612 2837 ad
633 2777 703 2835 te
730 2791 965 2838 sereno
990 2770 1186 2835 vultu
1208 2770 1476 2856 suscipi,
1501 2791 1586 2834 ne
1606 2770 1688 2834 de
1713 2792 1792 2834 eo
1816 2770 2043 2836 valeat
2061 2770 2371 2836 inimicus
2396 2773 2812 2857 triumphare
2837 2798 2858 2850 ς

525 2874 747 2938 tribue
777 2873 933 2938 huic
961 2873 1383 2958 infatigabile
1430 2872 1778 2938 brachium
1809 2872 2084 2949 auxilii3
2130 2878 2420 2937 mentem
2469 2873 2616 2957 ejus
2646 2873 2863 2942 lorica

521 2976 678 3040 fidei
726 2975 1079 3053 circumda,
1121 2981 1199 3040 ut
1244 2974 1426 3040 felici
1472 2996 1666 3039 muro
1715 2974 2033 3052 vallatus,
2075 2976 2395 3040 mundum
2441 2996 2513 3041 se
2559 2978 2858 3064 gaudeat

525 3078 841 3144 evasisse.
930 3076 1062 3141 Per
1089 3076 1428 3142 Christum
1462 3075 1819 3141 Dominum
1851 3077 2178 3143 nosti-um.

595 3178 830 3238 Deinde
853 3187 1122 3256 sequatur
1147 3178 1452 3239 benedictio
1479 3178 1664 3250 vestis,
1695 3200 1825 3238 cum

615 3274 917 3339 Oremus.

610 3377 817 3455 Deus,
848 3383 1246 3443 aeternorum
1276 3378 1601 3441 bonorum
1629 3375 2020 3443 fidelissime
2051 3376 2449 3462 promissor,
2481 3378 2861 3447 certissime

523 3475 927 3569 persolutor,
959 3481 1073 3566 qui
1110 3481 1583 3545 vestimentum
1619 3480 1917 3545 salutare
1949 3484 2020 3543 et
2063 3480 2522 3546 indumentum
2549 3482 2865 3566 jocundi-

520 3586 685 3652 tatis
729 3585 869 3649 tuis
928 3583 1238 3648 fidelibus
1287 3582 1680 3667 promisisti,
1735 3582 2160 3647 clementiam
2215 3588 2400 3647 tuam
2456 3583 2861 3669 suppliciter

521 3708 899 3764 exoramus,
918 3692 995 3751 ut
1008 3688 1146 3751 haec
1163 3686 1573 3762 indumenta,
1591 3684 2041 3749 bumilitatem
2063 3685 2282 3749 cordis
2303 3690 2371 3750 et
2395 3690 2852 3773 contemptum

521 3791 752 3857 mundi
783 3789 1253 3874 significantia,
1286 3788 1528 3872 quibus
1556 3788 1852 3853 famulus
1898 3791 2059 3852 tuus
2093 3792 2330 3852 sancto
2363 3789 2728 3855 visibiliter
2757 3796 2869 3856 est

519 3892 981 3959 informandus
1032 3890 1401 3977 proposito,
1449 3890 1784 3976 propitius
1831 3891 2228 3955 benedicere
2290 3890 2614 3977 digneris,
2664 3898 2744 3959 ut
2791 3899 2866 3960 et

519 3996 860 4064 castitatis
890 3995 1193 4061 habitum
1240 4015 1437 4079 quem
1469 3998 1539 4059 te
1585 3993 1930 4080 aspirante
1970 3999 2410 4079 suscepturus
2455 3999 2585 4075 est,
2613 4000 2682 4061 te
2714 4019 2872 4083 pro-

517 4104 791 4186 tegente
823 4098 1178 4174 custodiat,
1206 4102 1277 4162 et
1306 4118 1502 4182 quem
1533 4097 1961 4163 vestimentis
1991 4098 2386 4163 venerandae
2417 4099 2868 4184 professionis

512 4204 754 4281 induiS‚
785 4199 1273 4288 perpetualiter
1315 4201 1520 4267 beata
1562 4200 1776 4268 facias
1818 4198 2332 4266 immortalitate
2377 4200 2638 4266 vestiri.
2726 4203 2865 4269 Per

514 4307 892 4374 Dominum.
