3117 5025
860 433 947 498 In
977 433 1430 500 Dedicatz’one
1464 435 1799 502 Basilicae
1831 457 2052 501 novoe.
2494 432 2623 498 329

285 638 359 698 et
402 635 755 703 ecclesiam
800 639 1259 727 congregavit,
1292 662 1493 726 quam
1540 641 1718 726 lapis
1764 642 2032 707 excisus
2063 642 2146 708 de
2195 647 2427 707 monte
2475 641 2622 707 sine

290 737 604 803 manibus
652 739 964 825 angulari
1012 763 1336 830 compage
1390 743 1730 822 solidavit,
1777 746 1954 811 hanc
2000 765 2268 830 quoque
2322 744 2622 812 tabulam

293 859 575 906 serenus
604 841 927 923 illustret,
951 865 1231 929 eamque
1262 846 1522 932 impetu
1554 848 1787 913 aeterni
1807 848 2104 913 fluminis
2134 848 2493 934 irrigatam
2523 847 2623 912 ita

290 942 583 1009 diversis
612 967 735 1030 per
763 947 1060 1012 membra
1097 949 1621 1016 charismatibus
1666 949 2052 1035 locupletet,
2083 955 2168 1015 ut
2197 971 2404 1037 super
2432 949 2620 1016 illam

291 1047 756 1115 admirandam
786 1050 943 1115 Filii
976 1052 1080 1116 sui
1126 1053 1420 1119 hostiam
1449 1053 1597 1140 ipse
1627 1053 1984 1122 benedicat
2026 1053 2439 1139 impositam,
2470 1053 2615 1138 ipse

289 1150 620 1238 suscipiat
647 1159 1137 1221 consecratam.
1227 1156 1380 1222 Per.

376 1252 739 1315 consecratio
754 1266 1003 1335 patenae.

375 1349 863 1418 consecramus
915 1359 986 1419 et
1039 1356 1540 1422 sanctificamus
1594 1358 1765 1422 hanc
1817 1363 2160 1443 patenam,
2205 1357 2293 1423 ad
2346 1356 2609 1422 confici·

287 1454 533 1518 endum
591 1456 662 1519 in
716 1479 798 1523 ea
848 1478 1094 1544 corpus
1154 1459 1428 1526 Domini
1482 1461 1701 1526 nostri
1753 1459 1923 1526 Jesu
1976 1460 2231 1528 Christi
2283 1460 2610 1548 patientis

283 1577 549 1622 crucem
601 1580 725 1644 pro
780 1559 999 1627 salute
1054 1568 1292 1629 nostra
1343 1563 1662 1640 omnium,
1716 1564 1835 1650 qui
1888 1564 2065 1630 vivis
2119 1570 2190 1630 et
2238 1584 2485 1651 regnas
2538 1562 2606 1628 in

291 1662 537 1727 saecula
566 1663 974 1730 saeculorum.

370 1766 541 1825 Alia.

375 1862 785 1929 Consecrare
816 1871 886 1931 et
916 1864 1337 1931 sanctificare
1368 1867 1693 1953 digneris,
1720 1867 2028 1946 Domine,
2062 1873 2376 1953 patenam
2407 1869 2604 1947 hanc,

289 1988 413 2052 per
456 1968 661 2034 istam
707 1969 1095 2035 unctionem
1141 1973 1213 2035 et
1263 1974 1567 2035 nostram
1611 1970 2172 2048 benedictionem,
2217 1972 2285 2036 in
2332 1970 2605 2036 Christo

286 2071 450 2136 Jesu
496 2072 788 2138 Domino
833 2077 1089 2150 nostro,
1136 2072 1253 2157 qui
1298 2073 1470 2139 vivit
1516 2084 1588 2140 et
1630 2078 1877 2160 regnat
1928 2094 2051 2160 per
2094 2075 2320 2141 omnia
2365 2075 2608 2141 saecula

293 2174 705 2241 saeculorum.

370 2279 737 2338 Consecratio
763 2279 984 2339 calicis.

402 2375 709 2452 Oremus,
773 2375 1200 2441 dilectissimi
1259 2378 1533 2454 fratres,
1595 2381 1676 2442 ut
1734 2375 2068 2441 Dominus
2129 2375 2316 2440 Deus
2375 2380 2609 2441 noster

285 2478 562 2545 calicem
619 2500 817 2544 suum
870 2480 941 2544 in
1003 2479 1385 2546 ministerio
1436 2479 1964 2546 consecrandum
2027 2477 2321 2544 coelestis
2372 2482 2608 2566 gratiae

281 2583 728 2669 inspiratione
761 2585 1163 2662 sanctificet,
1194 2590 1274 2650 ut
1304 2585 1391 2650 ad
1434 2586 1801 2672 humanam
1833 2583 2363 2649 benedictionem
2398 2585 2611 2670 pleni-

280 2688 583 2752 tudinem
616 2687 828 2752 divini
859 2688 1115 2754 favoris
1146 2689 1627 2769 accommodet.
1715 2688 1867 2752 Per.

368 2793 543 2851 Alia.

366 2888 693 2974 Dignare,
726 2888 1030 2965 Domine,
1064 2888 1341 2954 calicem
1383 2889 1593 2953 istum
1623 2887 1693 2952 in
1724 2908 1921 2953 usum
1952 2886 2311 2952 ministerii
2355 2887 2460 2952 tui
2491 2888 2606 2973 pia

280 2993 518 3060 famuli
550 2992 654 3057 tui
684 2993 1040 3059 devotione
1069 2992 1439 3058 formatum
1488 3013 1571 3057 ea
1617 2993 2149 3057 sanctificatione
2179 2992 2603 3077 perfundere,

278 3119 417 3181 qua
448 3095 954 3162 Melchisedech
999 3094 1236 3159 famuli
1282 3094 1384 3160 tui
1427 3100 1852 3159 sacramento
1899 3094 2176 3160 calicem
2220 3096 2601 3181 perfudisti,

278 3207 353 3265 et
413 3199 593 3285 quod
654 3204 801 3264 arte
855 3198 963 3263 vel
1024 3197 1307 3264 metallo
1369 3198 1540 3263 effici
1590 3219 1725 3262 non
1785 3203 2018 3282 potest
2076 3196 2410 3264 altaribus
2461 3201 2603 3266 tuis

277 3304 584 3389 dignum,
614 3302 736 3366 fiat
765 3301 850 3366 ad
882 3301 1106 3366 omnia
1135 3306 1259 3365 tua
1290 3301 1759 3366 benedictione
1789 3300 2184 3385 pretiosum.
2276 3302 2424 3365 Per.

364 3407 726 3466 Consecratio
751 3426 925 3483 super
949 3413 1221 3483 patenam
1248 3413 1298 3463 et
1325 3405 1580 3464 calicem.

367 3502 728 3568 Dominum
779 3498 1019 3578 Deum,
1071 3500 1219 3565 coeli
1280 3506 1351 3567 et
1411 3505 1609 3566 terrae
1669 3500 2102 3578 conditorem,
2156 3498 2596 3579 dilectissimi,

284 3606 761 3693 supplicamus,
807 3609 883 3668 ut
930 3606 1056 3668 hoc
1100 3604 1551 3668 ministerium
1600 3604 1777 3688 quod
1829 3624 2072 3667 manus
2123 3602 2469 3666 hominum
2513 3604 2598 3669 ad

276 3710 565 3797 gloriam
595 3714 666 3773 et
709 3708 976 3773 laudem
1008 3713 1125 3773 tuo
1166 3705 1420 3771 nomini
1463 3705 1843 3783 fabricavit,
1877 3711 1950 3771 tu
1981 3705 2133 3791 pius
2178 3727 2256 3771 ac
2301 3706 2594 3771 clemens

278 3814 582 3900 aspicere
616 3817 685 3876 et
714 3831 1108 3877 consecrare
1141 3809 1464 3896 digneris.
1552 3809 1706 3874 Per.

449 3938 470 3973 2
517 3961 533 3973 .

361 3916 573 4088 ἔξω,
598 4008 1082 4075 benedictionis
1113 4007 1434 4086 indultor,
1456 4010 1572 4093 qui
1596 4008 2046 4073 ministerium
2078 4008 2255 4093 quod
2281 4008 2594 4075 Salomon

277 4119 346 4182 in
391 4113 645 4200 templo
690 4111 1119 4177 Hierusalem
1168 4111 1557 4187 destinavit,
1600 4131 1721 4196 per
1766 4111 2153 4176 sacerdotes
2197 4116 2353 4177 tuos
2397 4113 2596 4176 bene-

279 4221 500 4285 dicere
545 4216 862 4303 dignatus
916 4235 1026 4292 es;
1076 4215 1531 4301 supplicamus
1577 4235 1699 4299 per
1747 4215 1992 4278 bonum
2046 4219 2117 4278 et
2167 4215 2589 4281 benedictum

278 4321 641 4387 Dominum
688 4323 995 4384 nostrum
1045 4316 1282 4382 Jesum
1337 4317 1681 4382 Christum
1743 4316 1991 4381 Filium
2051 4322 2264 4393 tuum,
2318 4324 2398 4383 ut
2455 4319 2592 4383 haec

453 4425 646 4489 Pont.
678 4423 762 4486 41
