3117 5025
468 353 597 420 160
1226 353 1664 419 Consecratio
1708 353 2084 439 Virginum

589 558 660 619 Si
711 581 838 620 vero
887 559 1085 646 plures
1125 557 1375 637 suerint,
1433 559 1674 638 sinqulae
1729 580 1958 640 quosque
2017 580 2183 620 suam
2236 561 2479 623 divisim
2532 563 2828 625 decantent

487 658 889 735 antiphonam.

562 752 632 813 Si
640 752 797 830 forte
824 755 1143 832 contigerit,
1173 761 1238 814 ut
1262 773 1361 814 seu
1377 752 1601 832 pudore
1627 752 1978 812 verecundiae
2001 759 2245 829 yravata
2270 753 2386 813 sive
2401 754 2600 831 potius
2628 773 2818 814 amore

478 851 665 909 cordis
704 860 755 911 et
783 851 1172 930 lacrymarum
1210 850 1507 911 dulcedine
1537 858 1832 928 praeventa
1869 851 1964 921 sit,
1996 858 2062 909 ut
2101 858 2351 922 cantum,
2377 871 2542 928 quem
2582 851 2817 929 incepit,

467 944 649 1021 finire
673 966 789 1004 non
812 946 1008 1024 possit,
1040 944 1271 1005 cantrioe
1294 943 1532 1004 ecclesiae
1556 943 1645 1002 vel
1671 944 1872 1023 aliqua
1915 944 2040 1004 alia
2058 953 2329 1023 prompta
2352 945 2430 1004 sit
2455 946 2535 1004 ad
2559 947 2815 1006 subveni-

484 1040 691 1099 endum
719 1040 833 1100 illi.

568 1138 902 1220 Sequitur
934 1139 1317 1203 benedictio
1348 1139 1620 1216 annuli,
1653 1138 1776 1203 hoc
1807 1140 2029 1203 modo.

563 1238 848 1307 Creator
878 1245 947 1306 et
983 1240 1371 1306 consolator
1408 1241 1686 1306 humani
1717 1239 2009 1326 generis,
2041 1238 2239 1304 dator
2266 1238 2505 1325 gratiss
2537 1239 2813 1325 spiritu-

475 1343 622 1422 alis,
645 1342 937 1430 largitor
958 1349 1216 1410 aeternae
1243 1344 1510 1423 salutis,
1529 1348 1627 1422 tu,
1647 1342 1955 1421 Domine,
1974 1342 2171 1409 mitte
2194 1343 2812 1426 beneffldictionem

471 1452 661 1513 tuam
692 1468 895 1533 super
914 1447 1097 1511 hunc
1121 1446 1464 1526 annulum,
1495 1453 1577 1512 ut
1604 1468 1747 1532 quae
1770 1445 1964 1509 illum
1993 1446 2391 1532 gestaverit,
2419 1446 2511 1512 sit
2539 1453 2809 1512 armata

473 1550 728 1616 virtute
768 1550 1060 1616 coelestis
1091 1550 1521 1630 defensionis,
1553 1556 1632 1615 ut
1660 1551 1971 1636 proficiat
2011 1550 2115 1615 illi
2155 1550 2240 1616 ad
2273 1555 2591 1617 aeternam
2623 1551 2804 1616 salu-

472 1659 632 1718 tem.
723 1654 855 1719 Per
886 1652 1224 1719 Christum
1257 1654 1616 1719 Dominum
1647 1660 1976 1719 nostrum.

558 1755 719 1814 Tunc
745 1756 939 1814 mittat
965 1756 1253 1833 episcopus
1280 1755 1561 1814 annulum
1589 1757 1656 1815 in
1681 1757 1932 1834 diqitum
1958 1756 2207 1834 virginis
2232 1756 2440 1814 dicens.

559 1850 912 1936 Desponso
936 1857 1004 1917 te
1024 1850 1068 1916 J
1072 1873 1194 1916 esu
1218 1850 1512 1929 christo,
1534 1852 1713 1917 Filio
1739 1853 1982 1917 summi
2006 1853 2251 1930 Patris,
2279 1852 2394 1936 qui
2418 1856 2488 1917 te
2519 1850 2799 1918 illaesam

476 1956 834 2031 custodiat,
867 1959 937 2020 et
966 1957 1053 2020 ab
1084 1955 1266 2019 omni
1296 1954 1475 2021 malo
1505 1954 1844 2022 defendat.
1935 1956 2173 2022 Amen.

567 2058 666 2122 Et
694 2060 941 2122 addat.
2350 2118 2353 2119 γ

563 2166 810 2250 Accipe
842 2163 1165 2231 annulum
1195 2163 1368 2241 fidei,
1395 2163 1818 2250 signaculum
1845 2163 2137 2249 Spiritus
2172 2162 2422 2240 Sancti,
2447 2169 2526 2229 ut
2550 2183 2804 2249 sponsa

481 2267 611 2332 Dei
641 2268 923 2346 voceris,
955 2273 1026 2333 et
1056 2267 1172 2345 sis,
1208 2265 1260 2331 si
1297 2266 1361 2331 ei
1391 2266 1687 2331 fideliter
1718 2266 2055 2332 servieris.

570 2369 734 2430 Tunc
759 2370 919 2447 viryo
945 2369 1198 2429 decantet
1223 2368 1619 2447 antiphonam,
1646 2369 1856 2427 dicens.

565 2465 835 2535 Annulo
878 2486 1027 2531 meo
1060 2465 1442 2532 subarravit
1484 2486 1592 2529 me
1621 2464 1950 2530 Dominus
1980 2484 2192 2543 meus,
2222 2463 2265 2530 J
2269 2484 2428 2530 esus
2469 2463 2805 2541 Christus,

482 2577 552 2638 et
580 2576 898 2657 tanquam
931 2591 1243 2656 sponsam
1273 2569 1617 2635 decoravit
1643 2591 1751 2633 me
1781 2589 2044 2634 corona.

560 2675 785 2733 Deinde
809 2673 1091 2752 accipiens
1116 2692 1334 2732 cereum
1359 2692 1544 2747 suum,
1573 2672 1783 2731 iterum
1800 2680 2124 2750 prosternat
2150 2694 2206 2731 se
2231 2672 2311 2731 ad
2334 2679 2796 2751 superventuram

480 2771 931 2831 benedictionem.

568 2864 732 2924 Tunc
756 2865 915 2922 dicat
939 2863 1246 2941 episcopus.
1289 2874 1293 2878 ⁴

567 2960 895 3025 Dominus
924 2958 1290 3036 vobiscum.
1419 3001 1426 3006 -

566 3063 868 3127 Oremus.

570 3168 835 3233 Oratio.
924 3164 1230 3250 Respice,
1263 3183 1661 3249 quaesumus,
1688 3162 1992 3241 Domine,
2025 3164 2360 3249 propitius
2391 3185 2597 3249 super
2623 3166 2794 3231 hanc

473 3269 798 3337 famulam
841 3274 1029 3335 tuam
1083 3268 1197 3344 N.,
1239 3273 1321 3332 ut
1369 3267 1787 3353 virginitatis
1841 3274 2087 3333 sanctae
2132 3268 2571 3354 propositum,
2619 3270 2795 3354 quod

473 3375 847 3460 inspirante
896 3378 969 3439 te
1029 3371 1345 3457 suscepit,
1398 3371 1758 3437 custodiat.
1811 3374 2160 3437 submisse.
2249 3372 2381 3437 Per
2435 3371 2793 3437 Dominum

474 3486 780 3544 nostrum
830 3476 874 3542 J
877 3497 1065 3541 esum
1119 3475 1457 3539 Christum
1503 3473 1753 3539 Filium
1803 3480 2016 3552 tuum,
2063 3474 2179 3560 qui
2229 3480 2452 3539 tecum
2507 3477 2676 3543 vivit
2726 3482 2796 3542 et

473 3586 715 3667 regnat
744 3580 814 3643 in
843 3579 1104 3644 unitate
1139 3577 1430 3663 Spiritus
1464 3577 1696 3642 Sancti
1725 3577 1930 3642 Deus.

560 3686 918 3769 Proefatio.

494 3848 2541 3954 1—1--m13n
2668 3977 2675 3982 ι

557 4000 687 4064 Per
747 3995 927 4061 omni
960 4033 985 4044 -
1016 4016 1060 4059 a
1122 3992 1428 4058 sae-cu-la
1488 3991 1789 4057 sae-cu-lo
1823 4029 1850 4041 -
1881 4012 2051 4055 rum.
2142 3993 2205 4056 A
2235 4031 2261 4042 -
2292 4013 2464 4057 men.

493 4162 1472 4204 „—

493 4198 1474 4271 ⁸——..-—--.—=-—-

558 4288 942 4356 Do-mi-nus
975 4307 1060 4350 vo
1094 4323 1120 4335 -
1150 4285 1454 4351 bis-cum.
