3117 5025
838 393 1196 457 Concessio
1226 395 1590 458 Altarium
1621 394 2107 457 Portabilium.
2215 480 2220 486 ι
2490 389 2613 454 387

322 563 625 627 novimus
687 570 753 630 te
817 566 1283 652 multipliciter
1334 568 1645 654 insigniri
1704 567 2299 652 supplicationibus
2352 563 2491 628 tuis
2551 563 2617 625 in

318 666 441 730 hac
488 676 678 753 parte
730 669 1192 736 favorabiliter
1240 686 1637 749 annuentes,
1685 678 1763 736 ut·
1815 671 2031 736 altare
2081 667 2416 755 portabile
2471 689 2620 731 cum

321 771 546 838 debita
575 776 954 840 reverentia
999 781 1068 840 et
1097 778 1347 840 honore
1383 768 1625 861 possis'
1646 777 1914 852 habere,
1950 795 2150 858 super
2181 795 2312 857 quo
2358 773 2425 835 in
2457 772 2622 835 locis

322 876 405 938 ad
452 878 575 941 hoc
621 879 1164 963 contingentibus
1211 889 1279 944 et
1323 880 1630 944 honestis
1685 879 1905 964 possis
1950 899 2071 962 per
2111 877 2454 962 proprium
2501 881 2623 939 aut

320 980 528 1043 alium
560 983 970 1047 sacerdotem
1005 986 1072 1047 in
1099 990 1217 1048 tua
1248 991 1319 1048 et
1348 985 1778 1049 familiarium
1806 990 2073 1048 tuorum
2107 982 2623 1045 domesticorum

321 1085 680 1167 praesentia
740 1087 1014 1151 missam
1077 1096 1146 1151 et
1207 1087 1343 1152 alia
1402 1089 1631 1153 divina
1699 1088 1915 1152 officia
1977 1088 2124 1150 sine
2178 1086 2360 1168 juris
2421 1084 2625 1150 alieni

317 1190 1078 1278 praejudiciocelebrari
1134 1193 1377 1268 facere,
1424 1193 1831 1257 auctoritate
1885 1191 2079 1254 nobis
2134 1190 2203 1252 in
2258 1191 2382 1254 hac
2429 1195 2623 1274 parte

324 1314 639 1358 concessa
663 1316 738 1358 ac
763 1300 994 1359 tenore
1020 1298 1467 1379 praesentium,
1496 1296 1621 1361 tibi
1647 1296 2067 1359 concedimus
2094 1298 2163 1357 et
2184 1292 2629 1377 indulgemuS,

239 1414 246 1419 ·
324 1403 521 1482 teque
583 1400 866 1483 primum
939 1402 1021 1464 de
1083 1423 1357 1465 numero
1435 1404 1664 1466 decem
1734 1421 2172 1485 personarum
2249 1399 2628 1482 hujusmodi

326 1504 727 1570 censendum
803 1505 944 1568 fore
1021 1506 1461 1570 declaramus.
1572 1507 1650 1568 In
1729 1508 1919 1589 cujus
1997 1504 2095 1567 rei
2170 1504 2631 1568 testimonium

327 1607 622 1692 sigillum
655 1615 958 1672 nostrum
992 1611 1270 1674 fecimus
1302 1612 1408 1675 his
1442 1612 1712 1696 apponi.

409 1708 564 1773 Dat.
596 1710 666 1772 in
712 1710 1005 1794 hospitio
1038 1717 1268 1775 nostro
1302 1733 1508 1796 prope
1555 1711 1846 1776 Westm.
1882 1709 1966 1776 27
2014 1709 2121 1773 die
2167 1709 2418 1773 mensis
2465 1707 2635 1787 Julii

327 1815 407 1877 A.
440 1813 520 1876 D.
559 1813 725 1876 1448
759 1821 829 1877 et
858 1821 1102 1879 nostrae
1134 1815 1608 1880 translationis
1641 1837 1818 1880 anno
1852 1815 2030 1877 xxiv.

412 1916 552 1979 The
575 1937 855 1999 persons
875 1931 944 1981 to
969 1920 1182 1982 whom
1205 1919 1359 1981 nine
1380 1919 1454 1981 of
1473 1920 1665 1982 these
1688 1918 1902 1982 altars
1927 1938 2099 1980 were
2124 1918 2409 2002 granted
2433 1938 2631 1995 were,

499 2022 555 2083 1.
597 2021 800 2105 Hugo
834 2022 1268 2108 Wyllughby,
1305 2023 1615 2106 Armiger
2458 2021 2624 2083 1448

491 2124 553 2186 2.
591 2125 886 2188 Thomas
922 2126 1306 2210 Syngitton,
1341 2127 1659 2211 Armiger
2460 2125 2630 2189 1448

499 2229 562 2291 3.
599 2228 640 2292 J
646 2229 895 2292 ohanni
928 2228 1412 2307 Gateshenede,
1447 2233 1815 2294 monachus
1861 2227 2177 2292 Ecclesiae
2211 2227 2454 2292 Cathe-

1709 2334 1921 2399 dralis
1954 2332 2427 2397 Dunelmensis
2459 2333 2630 2398 1448

505 2438 566 2502 4.
601 2438 936 2523 Magister
965 2439 1261 2505 Thomas
1289 2439 1543 2526 Gange,
1572 2440 1640 2503 in
1674 2461 1866 2504 sacra
1896 2438 2264 2524 Theologia
2296 2438 2456 2502 Bac-

614 2543 1009 2619 calaureus;
1077 2546 1404 2630 magister
1465 2547 1605 2610 sive
1661 2545 2059 2631 praepositus
2120 2543 2402 2630 Collegii

620 2648 1013 2711 Sanctorum
1051 2647 1357 2735 Gregorii
1391 2656 1461 2714 et
1490 2650 1772 2715 Martini
1804 2649 1884 2712 de
1918 2648 2051 2732 Wy
2458 2650 2627 2713 1448

508 2753 569 2816 5.
602 2753 779 2819 John
815 2753 1131 2839 Conyers,
1164 2756 1365 2819 Miles
2465 2757 2634 2822 1448

508 2859 568 2921 6.
599 2857 998 2942 Ranulphus
1032 2860 1252 2936 Birde,
1289 2859 1696 2943 Capellanus
1731 2859 2257 2944 Archiepiscopi‚
2467 2861 2638 2925 1449

522 2961 583 3026 7.
617 2961 907 3026 Thomas
939 2963 1186 3038 Amiss,
1221 2963 1577 3028 familiaris
1609 2965 2134 3050 Archiepiscopi‚
2475 2964 2645 3028 1449

500 3065 558 3126 8.
591 3063 635 3127 J
638 3067 938 3130 ohannes
972 3066 1232 3142 Fisher,
1271 3067 1767 3132 Thesaurarius
1800 3070 2079 3153 hospitii
2112 3070 2351 3133 Archi-

2100 3173 2397 3262 episcopi
2477 3171 2645 3234 1450

505 3274 564 3335 9.
599 3272 640 3336 J
646 3275 939 3337 ohannes
975 3274 1254 3339 Ookfeld
1288 3280 1358 3339 et
1390 3278 1785 3361 Margareta
1817 3298 1985 3341 uxor
2016 3278 2182 3358 ejus.
2476 3276 2640 3338 1451

681 3379 789 3442 No
822 3381 1211 3444 concession
1245 3381 1319 3444 of
1347 3383 1460 3445 the
1494 3382 1685 3446 tenth
1719 3403 1933 3446 seems
1965 3388 2035 3447 to
2068 3384 2239 3446 have

684 3486 849 3548 been
883 3485 1092 3549 made.

511 4398 594 4461 48
