3117 5025
963 388 1039 451 M
1045 390 1218 451 odas
1256 389 1677 473 Conficiendi
1713 391 2048 455 chrisma.
2532 389 2663 452 263

349 593 419 651 et
475 589 576 653 ita
631 593 817 655 totus
877 591 1167 677 hymnus
1219 599 1530 659 cantetur
1581 599 1660 659 ut
1711 595 1967 680 primus
2020 616 2257 660 versus
2309 617 2350 661 a
2403 595 2664 660 clericis

348 685 542 756 secus
593 692 807 760 altare
857 696 1195 761 stantibus
1246 702 1572 774 cantetur,
1629 697 1978 775 secundus,
2032 719 2076 763 a
2126 703 2271 764 toto
2324 699 2548 776 choro,
2595 705 2663 763 et

345 796 445 860 ita
511 781 899 866 alternatim
965 800 1252 884 hymnus
1319 808 1650 866 cantetur.
1741 802 1884 885 Quo
1950 803 2147 881 dicto,
2218 805 2667 887 subsequatur

343 900 739 979 benedictio,
808 903 1085 981 scilicet,
1152 905 1329 969 Haec
1403 906 1795 970 commixtio
1873 905 2215 990 liquorum
2278 913 2349 972 et
2419 911 2664 971 cetera.

344 1001 623 1081 Deinde,
672 1007 887 1071 oratio
933 1029 1083 1072 cum
1128 1008 1466 1072 Dominus
1517 1010 1865 1073 vobiscum
1918 1026 1990 1074 et
2042 1014 2277 1075 ceterae
2331 1009 2669 1074 orationes

343 1113 721 1191 sequentes.

429 1211 687 1295 Quibus
716 1212 933 1290 dictis,
967 1215 1323 1299 episcopus
1355 1214 1537 1278 dicat
1567 1213 1710 1279 alta
1742 1237 1924 1293 voce,

426 1318 569 1382 Per
598 1320 829 1383 omnia
858 1320 1114 1385 saecula
1145 1320 1547 1386 saeculorum
1565 1342 1591 1396 ,·

427 1422 764 1486 Dominus
793 1425 1137 1488 vobiscum
1156 1446 1183 1503 ,-

429 1527 721 1590 Sursum
753 1529 1011 1604 corda;

433 1631 721 1696 Gratias
753 1652 1062 1716 aqamus,

337 1756 487 1797 cum
519 1742 842 1820 sequente
872 1735 1284 1821 praefatione.

423 1839 587 1903 Post
615 1840 967 1925 praedictas
996 1840 1515 1914 benedictiones,
1539 1838 1849 1903 minister
1878 1839 2240 1925 ampullam
2271 1841 2655 1908 chrismatis

335 1942 662 2019 deferens,
695 1963 843 2006 cum
890 1943 1167 2007 sindone
1199 1965 1332 2028 qua
1370 1943 1770 2028 praecinctus
1802 1947 1909 2007 est
1953 1945 2344 2028 co-operiat,
2377 1966 2656 2030 eamque

202 2091 208 2097 -
331 2047 400 2110 in
448 2047 727 2112 dextera
770 2050 964 2130 parte
1006 2046 1243 2112 altaris
1289 2066 1637 2131 quousque
1687 2049 1930 2130 Aquas
1960 2046 2094 2110 Dei
2138 2051 2468 2125 cantetur,
2502 2070 2648 2113 cum

336 2150 716 2215 reverentia
746 2155 997 2215 teneat.

420 2255 665 2320 Postea
690 2255 1040 2340 episcopus
1062 2254 1244 2319 dicat
1273 2254 1417 2319 alta
1446 2274 1629 2330 voce,
1649 2253 1793 2316 Per
1816 2254 2046 2317 omnia
2071 2253 2325 2318 saecula
2345 2278 2367 2316 .·
2412 2255 2649 2319 deinde

328 2358 510 2422 dicat
536 2358 856 2423 diaconus
886 2358 997 2442 qni
1046 2358 1467 2443 evangelium
1509 2356 1699 2442 legit,
1733 2356 2127 2420 Humiliate
2170 2378 2289 2420 vos
2320 2359 2419 2421 ad
2461 2359 2648 2423 bene-

328 2464 692 2528 dictionem
709 2484 735 2543 ;
781 2462 1017 2527 deinde
1052 2466 1372 2547 sequatur
1403 2461 1779 2527 benedictio
1813 2479 2015 2544 super
2045 2460 2384 2545 populum.

415 2567 580 2631 Post
610 2565 1134 2630 benedictionem
1164 2566 1346 2629 dicat
1376 2565 1748 2651 episcopus,
1781 2565 1877 2628 Et
1894 2585 2053 2645 pax
2084 2565 2249 2648 ejus.

412 2671 597 2735 Tunc
621 2673 854 2734 cantor
878 2669 1156 2754 incipiat
1178 2672 1241 2732 A
1247 2690 1423 2753 gnus
1446 2669 1623 2747 Dei;
1669 2673 1738 2732 et
1759 2668 2105 2732 deferatur
2129 2689 2248 2732 vas
2267 2669 2649 2736 chrismatis

324 2797 367 2840 a
423 2773 735 2858 praedicto
783 2771 1093 2835 ministro
1152 2772 1464 2856 episcopo
1513 2769 2055 2836 deosculandum.
2142 2770 2389 2837 Postea
2438 2773 2640 2838 etiam

323 2879 467 2944 loco
515 2877 702 2962 pacis
749 2878 818 2939 in
866 2876 1140 2941 chorum
1189 2874 1534 2940 deferatur
1583 2896 1663 2939 eo
1714 2876 1945 2940 ordine
1997 2894 2129 2958 quo
2178 2874 2423 2939 chorus
2470 2876 2643 2943 solet

321 2982 714 3049 thurificari.

409 3087 516 3151 Sic
547 3090 626 3151 ut
653 3088 888 3149 cantor
917 3083 1188 3148 inchoet
1217 3085 1766 3162 communionem,
1799 3090 1869 3151 et
1898 3084 1994 3148 ita
2031 3082 2377 3148 servitium
2413 3084 2637 3151 debito

317 3213 501 3256 more
534 3189 968 3275 compleatur.
