3117 5025
1114 381 1480 449 Dedicatz‘o
1508 380 1857 448 Ecclesiae.
2555 377 2641 444 55

415 581 579 643 Tunc
617 585 862 644 accensis
899 586 1070 647 cereis
1108 586 1760 647 duodecim*adeaetra
1799 607 1923 666 quo
1955 583 2644 666 superpictascrucesin

323 679 574 738 circuitu
614 681 851 740 ecclesiae
901 682 1110 755 deforis
1153 683 1336 762 positi
1376 691 1525 756 sunt,
1569 683 1857 761 episcopus
1909 701 2039 742 ewm
2087 689 2199 741 toto
2252 680 2415 753 clerc,
2464 700 2643 754 cruce,

321 776 695 850 candelabris,
733 787 1158 858 sanctorumque
1203 780 1465 859 reliquiis
1503 782 1962 861 praecedentibus,
2001 789 2086 840 ter
2122 781 2311 860 ipsam
2356 779 2643 839 ecclesiam

325 870 650 944 circumeat,
682 871 895 933 duobus
922 876 1247 935 canentibus
1273 877 1557 954 majorem,
1577 876 1889 936 loetaniam.

404 964 768 1041 Notandum,
811 970 958 1029 hanc
999 971 1291 1030 laetaniam
1331 973 1398 1031 in
1436 973 1775 1051 quibusdam
1812 971 1965 1045 locis,
2005 969 2157 1030 dicto
2195 970 2413 1031 Omnes
2450 970 2637 1030 sancti

325 1069 492 1120 orate
533 1083 642 1141 pro
682 1064 864 1137 nobis,
897 1064 1079 1141 finiri
1094 1088 1119 1138 ;
1165 1067 1233 1125 in
1272 1067 1612 1144 quibusdam
1652 1087 1780 1126 vero
1819 1087 1991 1143 usque
2032 1066 2113 1124 ad
2155 1065 2427 1125 ultimum
2460 1066 2642 1144 finem

323 1157 565 1215 extendi.
656 1158 995 1237 Quocunque
1034 1168 1221 1219 autem
1259 1162 1424 1221 modo
1450 1163 1798 1235 terminetur,
1825 1162 1908 1221 sic
1946 1182 1986 1219 a
2023 1161 2344 1220 cantoribus
2369 1161 2645 1220 brevietur

322 1251 412 1309 vel
464 1253 794 1312 extendatur
845 1263 910 1312 ut
963 1276 1090 1314 cum
1140 1256 1306 1322 tertio
1360 1257 1441 1315 ad
1493 1257 1704 1315 ostium
1756 1255 1996 1315 ecclesiae
2047 1255 2319 1331 venerint,
2365 1257 2640 1335 finiatur.

323 1347 539 1406 Finita
568 1348 818 1420 loetania,
851 1351 1009 1409 dieat
1036 1352 1321 1431 episcopus
1348 1359 1477 1411 ante
1502 1352 1709 1411 ostium
1735 1351 1987 1411 ecclesiae.

413 1441 738 1509 Dominus
769 1446 1127 1511 vobiscum.

414 1546 716 1612 Oremus.

410 1647 783 1716 Praeveniat
839 1667 982 1727 nos,
1042 1671 1436 1734 quaesumus,
1488 1647 1793 1729 Domine,
1845 1645 2297 1715 misericordia
2353 1654 2491 1728 tua,
2550 1657 2641 1730 et,

319 1751 884 1817 intercedentibus
916 1753 1219 1818 omnibus
1260 1754 1510 1819 sanctis
1540 1755 1699 1831 tuis,
1732 1775 1929 1819 voces
1972 1759 2242 1819 nostras
2286 1753 2641 1820 clementia

320 1855 818 1939 propitiationis
849 1855 1188 1940 anticipet.
1277 1857 1408 1922 Per
1439 1855 1800 1921 Christum.

411 1960 673 2025 Oratio.
762 1959 1146 2024 Ascendant
1164 1959 1248 2025 ad
1270 1965 1355 2037 te,
1377 1981 1775 2045 quaesumuS,
1795 1957 2096 2036 Domine,
2115 1978 2346 2043 preces
2364 1964 2635 2036 nostrae,

320 2066 392 2126 et
421 2062 506 2126 ab
538 2061 820 2126 ecclesia
863 2067 982 2126 tua
1010 2066 1316 2127 cunctam
1360 2061 1610 2148 repelle
1651 2062 2034 2151 nequitiam.
2124 2061 2254 2126 Per
2298 2060 2638 2128 Christum

318 2162 728 2251 [Dominum]
760 2169 1082 2229 nostrum.

397 2269 520 2328 Hic
533 2271 641 2346 fiet
667 2268 1034 2327 Eoeorcismus
1063 2290 1240 2347 aquoe.

402 2364 564 2422 Tunc
589 2385 736 2422 unus
763 2364 1055 2437 diaconus,
1089 2366 1239 2437 alba,
1272 2366 1414 2425 stola
1440 2372 1491 2424 et
1516 2364 1816 2443 manipulo
1842 2364 2098 2435 indutus,
2137 2365 2308 2423 intret
2334 2363 2638 2438 ecclesiam,

320 2459 372 2519 et
397 2458 661 2518 claudens
681 2458 901 2531 ostium,
923 2467 1024 2518 stet
1051 2468 1179 2519 ante
1205 2460 1393 2539 ipsum
1412 2480 1436 2533 ,·
1476 2457 1686 2520 caeteris
1705 2457 1961 2518 omnibus
1982 2457 2187 2532 deforis
2206 2458 2644 2518 remanentibus.

322 2556 597 2633 Pontifex
634 2577 760 2614 vero
799 2556 1058 2614 accedens
1103 2557 1184 2615 ad
1228 2557 1434 2615 ostium
1476 2555 1714 2615 ecclesiae
1752 2555 2160 2629 meridianum,
2207 2554 2456 2634 incipiat
2494 2554 2642 2614 hane

326 2651 720 2730 antiphonam.

412 2903 620 2968 Tol-li
648 2943 676 2954 -
706 2909 777 2969 te
820 2910 1050 2989 portas
1102 2895 1464 2988 princi-pes
1517 2923 1634 2967 ves
1664 2940 1692 2952 -
1724 2907 1889 2979 tras,
1936 2910 2007 2968 et
2079 2924 2145 2966 e·
2176 2901 2480 2967 le-va-mi
2509 2941 2537 2953 -
2566 2903 2640 2968 ni

324 3017 2510 3156 W

325 3169 560 3249 por-tae
629 3186 683 3228 ae
714 3202 742 3214 -
766 3169 991 3230 ter-na
1020 3202 1047 3214 -
1077 3163 1198 3241 les,
1230 3171 1301 3229 et
1385 3163 1594 3227 in-tro
1624 3199 1651 3212 -
1682 3161 1706 3224 i
1735 3200 1764 3213 -
1793 3162 1893 3227 bit
1920 3182 2038 3226 rex
2068 3162 2272 3249 glo-ri
2302 3198 2331 3214 ··
2361 3186 2432 3227 ae.

818 3265 1757 3395 Q

412 3424 754 3490 Psalmus.
838 3410 1068 3489 Do·mi
1099 3462 1126 3474 -
1156 3424 1228 3488 ni
1287 3429 1395 3489 est
1422 3428 1658 3489 ter-ra.

403 3527 644 3605 Incepta
687 3527 1021 3606 antiphona,
1064 3526 1372 3585 circumeat
1422 3526 1711 3603 episeopus
1756 3544 1886 3582 cum
1932 3524 2077 3583 clero
2115 3523 2284 3583 semel
2335 3524 2639 3599 ecclesiam,

324 3622 692 3699 versificando
719 3623 866 3681 hunc
882 3621 1195 3700 psalmum,
1223 3628 1274 3679 et
1289 3619 1599 3699 praefatam
1623 3619 2000 3698 antiphonam
2018 3620 2223 3697 saepius
2243 3619 2635 3693 interserendo,

323 3736 604 3795 usquequo
641 3717 847 3775 iterum
893 3715 973 3774 ad
1014 3715 1167 3774 idem
1206 3715 1412 3774 ostium
1453 3714 1661 3773 veniat.
1744 3712 1832 3771 Et
1871 3734 1999 3772 cum
2038 3713 2270 3789 venerit,
2308 3714 2469 3773 dicat
2511 3724 2639 3777 ante

324 3812 550 3870 ostium.

409 3906 784 4074 &iclxiii-as.
873 4007 1257 4074 Flectamus
1285 4025 1527 4092 genua.
1615 4003 1888 4071 Levate.

417 4112 681 4177 Oratio.
770 4111 1208 4196 Omnipotens
1262 4107 1662 4193 sempiterne
1714 4106 1919 4184 Deus,
1973 4106 2086 4191 qui
2142 4107 2211 4171 in
2264 4107 2443 4172 omni
2494 4107 2639 4175 loco

324 4212 791 4279 dominationis
832 4219 963 4280 tuae
1013 4217 1200 4281 totus
1250 4209 1536 4288 assistis,
1583 4214 1765 4275 totus
1818 4208 2150 4295 operaris3
2197 4209 2429 4275 adesto
2483 4231 2637 4296 sup-

322 4331 361 4368 *
396 4330 496 4388 MS
516 4331 719 4387 decem.
