3117 5025
846 481 1290 547 Consecratio
1320 479 1579 548 altaris
1609 483 1755 548 sine
1783 480 2123 548 Ecclesia.
2507 475 2632 542 115

848 741 989 770 —-
1438 707 2585 773 .—-——==—.a——-

309 783 2638 844 —u—q—————-——-——--———

310 875 459 939 haec
504 883 613 943 est
656 878 894 945 domus
964 879 1096 946 De·
1127 881 1181 945 -i
1261 880 1335 946 in
1377 904 1512 968 qua
1547 883 1989 949 in-vo·ce-tur
2027 901 2269 946 nomeu
2313 901 2381 945 e-
2392 879 2509 965 jus
2556 876 2638 941 de

306 1242 448 1305 qua
506 1224 854 1309 scrip-tum
916 1232 1024 1312 est
1081 1231 1154 1292 et
1208 1227 1405 1294 e·rit
1462 1247 1735 1292 no-men
1798 1248 1905 1293 me
1937 1247 2080 1291 -um
2140 1226 2220 1290 i·
2250 1224 2320 1290 bi
2409 1221 2639 1288 di-cit

315 1384 914 1519 Ξ

313 1529 425 1596 Do
448 1569 475 1582 -
495 1533 631 1596 mi-
653 1554 802 1599 nus.

1136 1698 1851 1817 Q

403 1843 494 1908 In
526 1819 821 1929 tempore
849 1845 1209 1923 Paschali,
1242 1844 1311 1911 al
1343 1883 1371 1895 -
1401 1845 1466 1910 le
1497 1883 1525 1898 -
1555 1846 1770 1933 lu·ya.

493 2011 1670 2119 Q

404 2174 522 2239 Ps.
612 2172 715 2238 De
747 2211 774 2222 -
804 2193 887 2238 us
918 2178 1150 2238 noster
1177 2193 1251 2238 re
1282 2210 1310 2225 -
1340 2172 1627 2259 fugium.

410 2277 714 2342 Oremus.
848 2341 855 2346 ,
888 2351 893 2357 ,
944 2356 951 2360 ἠ
998 2346 1004 2356 ,

413 2381 678 2447 Oratio.
770 2376 1125 2463 Singulare
1154 2377 1729 2463 propitiatorium,
1761 2378 1876 2463 qui
1907 2382 1978 2443 te
2009 2379 2078 2444 in
2112 2400 2234 2446 ara
2262 2378 2481 2444 crucis
2526 2399 2648 2462 pro

315 2483 513 2549 nobis
542 2481 946 2548 redimendis
991 2480 1301 2547 obtulisti
1343 2481 1842 2559 immolandum,
1875 2481 2068 2568 cujus
2111 2483 2648 2571 praefiguratione

313 2587 703 2674 patriarcha
745 2585 957 2651 Jacob
1001 2583 1293 2671 lapidem
1340 2585 1559 2649 erexit
1601 2585 1673 2649 in
1710 2585 1984 2651 titulum
2029 2608 2162 2672 quo
2206 2589 2400 2652 fieret
2443 2587 2646 2652 sacri·

314 2691 560 2767 ficium,
582 2693 651 2754 et
666 2694 874 2774 portae
893 2688 1038 2753 coeli
1057 2688 1347 2773 desuper
1365 2687 1793 2772 aperirentur
1811 2689 2260 2755 exauditionis
2281 2689 2644 2767 oraculum3

317 2793 713 2880 suppliciter
741 2792 888 2869 tibi,
920 2790 1226 2875 Domine,
1257 2811 1492 2876 preces
1536 2791 1899 2868 fundimus,
1929 2797 2007 2857 ut
2038 2793 2240 2876 hujus
2271 2792 2509 2858 altaris
2541 2814 2654 2857 ex-

317 2897 599 2983 politam
645 2893 996 2959 materiem
1049 2892 1358 2978 supernis
1422 2892 1772 2958 sacrificiis
1824 2893 2271 2974 imbuenda-m,
2319 2896 2464 2979 ipse
2525 2900 2656 2959 tuae

314 2999 535 3065 dotari
559 2996 1111 3063 sanctificationis
1133 2997 1444 3061 ubertate
1468 2996 1838 3080 praecipias,
1863 2996 1978 3081 qui
2002 2998 2334 3082 quondam
2362 2998 2652 3083 lapideis

317 3105 536 3192 legem
569 3102 901 3188 scripsisti
932 3102 1004 3166 in
1047 3101 1322 3167 tabulis.
1411 3100 1538 3186 Qui
1583 3121 1738 3175 cum,
1764 3102 1965 3187 Ratre
1998 3109 2069 3167 et
2116 3102 2372 3189 Spiritu
2406 3104 2684 3170 Sancto.

319 3209 493 3275 vivis
524 3211 593 3271 et
622 3226 870 3292 regnas
900 3203 1085 3270 Deus
1116 3225 1238 3288 per
1269 3205 1496 3269 omnia
1526 3202 1771 3270 saecula
1800 3204 2215 3269 saeculorum.

410 3310 741 3394 Sequitur
773 3309 1154 3373 benedictio
1184 3308 1469 3373 incensi.

324 3436 475 3481 cum
504 3411 831 3478 Dominus
860 3410 1224 3475 vobiscum.
1317 3409 1622 3474 Oremus.

415 3517 681 3583 Oratio.
766 3513 1050 3580 Domine
1083 3512 1525 3598 omnipotens,
1551 3510 1659 3576 cui
1687 3514 1871 3576 astat
1894 3512 2227 3578 exercitus
2255 3512 2645 3600 angelorum

320 3641 472 3687 cum
524 3624 836 3694 tremore,
888 3636 1172 3702 quorum
1233 3615 1583 3680 servitium
1637 3614 1990 3700 spirituale
2042 3620 2116 3680 et
2170 3614 2442 3701 igneum
2501 3637 2651 3682 esse

317 3722 785 3808 cognoscitur3
818 3720 1101 3805 dignare
1122 3718 1461 3803 respicere
1480 3724 1552 3782 et
1572 3715 2043 3796 beneffldicere
2062 3721 2133 3782 et
2154 3719 2646 3804 sanctifflficare

321 3828 499 3891 hanc
515 3828 893 3890 creaturam
916 3821 1136 3886 thuris
1160 3821 1308 3905 (vel
1328 3819 1615 3906 incensi)
1638 3826 1717 3884 ut
1735 3840 1967 3884 omnes
1986 3819 2348 3907 languores
2369 3828 2649 3905 cunctae-

323 3951 455 4016 que
474 3927 727 3993 insidiae
749 3926 1001 3990 inimici
1024 3925 1224 3991 odore
1248 3923 1396 4008 ejus
1418 3929 1750 4009 praecepto
1772 3929 1891 3990 tuo
1913 3924 2230 4010 fugentur
2259 3946 2301 3989 a
2321 3924 2652 4010 plasmate

325 4040 468 4110 tuo,
515 4030 691 4117 quod
741 4029 1035 4114 pretioso
1080 4027 1237 4091 Filii
1280 4027 1384 4092 tui
1433 4028 1759 4113 sanguine
1810 4028 2176 4093 redemisti.
2264 4028 2391 4114 Qui
2435 4035 2655 4096 tecum

326 4135 500 4201 vivit
541 4138 613 4199 et
653 4137 897 4218 regnat
940 4132 1011 4197 in
1055 4131 1320 4196 unitate
1370 4130 1663 4218 Spiritus
1709 4130 1938 4197 Sancti
1983 4152 2105 4217 per
2148 4133 2369 4198 omnia
2414 4135 2657 4202 saecula

331 4236 746 4304 saeculorum.

411 4341 495 4401 Et
519 4339 715 4417 faciat
760 4359 981 4398 crucem
1027 4335 1416 4417 thurificando
1463 4356 1592 4396 cum
1617 4336 1883 4409 incense,
1925 4336 2162 4417 desuper
2202 4337 2403 4414 altare,
2442 4338 2659 4399 dicente

331 4434 523 4496 schola
552 4433 951 4512 antiphonam.

518 4530 642 4596 14*
