3117 5025
1055 442 1493 506 Consecratio
1537 439 1918 524 Viryinum.
2505 437 2638 501 209

408 637 527 698 His
580 642 831 722 expletis,
885 646 1173 708 abbatissa
1226 647 1416 727 ipsam
1460 644 1866 726 professionem
1918 644 2171 726 accipiat
2222 644 2296 702 ab
2347 641 2550 715 altari,
2595 651 2648 701 ct

328 737 671 797 servandam
697 741 911 801 tradat.

418 830 582 892 Tunc
600 835 853 912 professa
878 846 980 897 stet
1005 848 1137 912 ‚ante
1164 839 1369 911 altare,
1397 846 1448 897 et
1475 837 1641 897 tertio
1667 837 1827 896 dicat
1852 837 2001 896 hunc
2028 855 2267 896 versum.

413 925 693 1015 Suscipe
738 953 864 1010 me,
897 933 1202 1010 Domine,
1237 929 1603 999 secundum
1648 932 1989 1017 eloquium
2033 935 2246 1009 tuum,
2279 933 2353 996 et
2397 930 2641 1009 vivam,

330 1035 402 1094 et
431 1051 565 1094 non
596 1035 966 1102 confundas
996 1059 1103 1103 me
1133 1039 1219 1103 ab
1249 1037 1716 1123 expectatione
1745 1057 1917 1100 mea.

405 1133 526 1204 Qui
563 1157 750 1197 versus
787 1142 954 1200 tertio
991 1149 1279 1220 repetatur
1316 1143 1389 1200 ab
1428 1141 1708 1216 omnibus,
1734 1149 1786 1201 ct
1827 1140 1895 1200 in
1921 1141 2067 1218 fine,
2105 1136 2307 1200 Gloria
2348 1137 2545 1212 Patri3
2590 1144 2643 1197 et

317 1240 534 1309 postea,
563 1235 751 1313 Kyrie
776 1236 991 1299 eleison
1018 1248 1071 1300 et
1097 1241 1277 1302 Pater
1301 1248 1523 1300 noster.

399 1329 689 1406 (Interim
703 1332 961 1411 professa
978 1342 1304 1414 prosternat
1329 1356 1386 1394 sc
1410 1355 1606 1394 coram
1630 1335 1873 1413 altari.)

402 1424 528 1496 Quo
541 1427 738 1501 finito,
767 1429 930 1489 dicat
956 1431 1268 1511 episcopas,

415 1519 508 1587 Et
536 1543 620 1586 ne
650 1544 797 1589 nos.

403 1622 491 1682 Et
515 1626 894 1704 subsequentes
921 1628 1183 1689 Psalmos
1209 1630 1450 1690 inchoet.

411 1717 717 1798 Domine,
751 1722 903 1805 quis
934 1723 1290 1791 habitabit.
1913 1791 1919 1796 ,
2353 1721 2471 1802 [Ps
2501 1723 2639 1806 xm]

413 1820 743 1889 Dominus
771 1825 953 1911 regit
982 1847 1109 1891 me.
2273 1825 2392 1907 [Ps
2424 1823 2640 1908 xxiii.]

413 1925 690 1992 Salvum
721 1950 828 1993 me
858 1929 987 2007 fac,
1018 1929 1226 2009 Dens,
1259 1932 1576 2017 quoniam
1607 1932 2056 1998 intraverunt.
2300 1929 2418 2011 [Ps
2448 1928 2641 2012 lxix]

403 2026 621 2100 Quibus
647 2031 720 2089 ab
745 2033 1002 2091 omnibus
1027 2033 1366 2108 decantatis,
1390 2036 1596 2095 statim
1621 2036 1927 2114 subjunqat
1952 2035 2069 2095 kaec
2094 2033 2375 2112 capitula.

416 2121 690 2190 Salvam
723 2126 833 2193 fac
863 2128 1179 2194 ancillam
1208 2136 1419 2197 tuam.

420 2229 625 2295 Mitte
654 2231 720 2297 ei
749 2233 1081 2298 auxilium
1111 2234 1194 2300 de
1223 2241 1478 2301 sancto.

414 2332 722 2412 Domine,
755 2337 1020 2402 exaudi.

412 2434 743 2502 Dominus
773 2439 1138 2506 vobiscum.

417 2538 721 2606 Oremus.

409 2641 717 2727 Respice,
749 2643 1052 2724 Domine,
1084 2645 1415 2731 propitius
1460 2667 1667 2732 super
1710 2647 1885 2711 hanc
1930 2644 2250 2710 famulam
2295 2649 2485 2710 tuam
2528 2643 2638 2721 Ν.,

320 2748 402 2810 ut
432 2745 845 2830 virginitatis
868 2754 1113 2814 sanctas
1144 2750 1585 2834 propositum,
1611 2749 1787 2834 quod
1816 2754 1887 2814 te
1916 2749 2292 2833 inspirante
2322 2747 2641 2833 suscepit,

320 2855 391 2913 te
467 2850 886 2934 gubernante
960 2852 1320 2930 custodiat,
1394 2873 1518 2939 per
1591 2853 1952 2918 Dominum
2027 2857 2333 2917 nostrum
2405 2850 2449 2917 J
2452 2872 2639 2916 esum

326 2955 693 3034 Christum,
723 2980 938 3042 usquc

409 3234 543 3300 Per
572 3238 783 3301 om-ni
813 3275 842 3288 -
872 3259 915 3302 a
946 3238 1255 3305 sae-cu-la.
1286 3239 1796 3305 sae-cu-lo-rum.
1886 3242 2155 3304 A·men.

415 3527 805 3594 Do-mi-nus
836 3551 951 3595 vo·
981 3531 1263 3597 hiscum.

402 3822 494 3887 Et
523 3843 674 3886 cum
706 3823 903 3909 spi-ri
935 3860 963 3872 -
994 3830 1072 3889 tu
1132 3831 1306 3890 tu-o.

411 4116 724 4181 Sur-sum
758 4138 874 4182 cor
904 4156 932 4168 -
962 4118 1068 4184 da.

314 4235 1534 4365 ἓΞΞ-ᾘῃῖ

311 4368 880 4382 --.------
1095 4364 1531 4401 --—†-··-—·

329 4455 332 4460 -
408 4410 523 4476 Ha
554 4448 582 4461 -
614 4413 888 4479 be-mus
920 4416 1006 4479 ad
1039 4416 1173 4482 Do·-
1204 4418 1509 4487 mi-num.

496 4498 692 4562 Pont.
731 4500 819 4563 26
