3117 5025
1107 396 1548 461 Consecratio
1583 395 1813 480 Reyz's.
2476 390 2606 459 275

284 600 402 659 tuo
424 596 770 680 juvamine
793 598 1068 684 dirigas,
1092 604 1426 684 quatenus
1449 600 1531 665 de
1557 599 1911 686 temporali
1941 620 2149 686 regno
2173 600 2259 666 ad
2287 605 2607 664 ueternum

281 720 562 786 regnum
592 705 967 787 pervenias,
998 703 1146 790 ipso
1193 705 1555 788 adjuvante
1603 707 1795 789 cujus
1825 725 2107 791 regnum
2153 710 2224 769 et
2252 702 2606 788 imperium

285 804 431 869 sine
461 806 592 870 fine
619 814 973 893 permanet
999 808 1071 873 in
1102 809 1346 874 saecula
1378 810 1793 875 saeculorum.

371 908 574 967 Oratio
599 930 770 987 super
794 931 978 987 reyem
1002 920 1303 989 postquam
1328 912 1531 971 datum
1542 912 1734 989 fuerit
1763 913 1818 970 ei
1842 920 2137 990 sceptrum.

377 1004 708 1083 Omnium,
734 1007 1041 1083 Domine,
1071 1007 1225 1072 fons
1256 1009 1601 1086 bonorum,
1623 1015 2166 1093 cunctorumque,
2190 1006 2395 1086 DeuS,
2420 1008 2611 1072 insti-

288 1113 477 1173 tutor
518 1111 963 1193 profectuum,
994 1111 1238 1189 tribue,
1275 1133 1674 1197 quaesumus,
1708 1111 1961 1178 famulo
2007 1117 2126 1177 tuo
2169 1111 2270 1176 ill.
2300 1112 2613 1195 adeptam

288 1214 456 1277 bene
517 1234 751 1299 regere
812 1213 1235 1300 dignitatem,
1296 1222 1367 1281 et
1428 1237 1471 1281 a
1527 1222 1599 1281 te
1661 1216 1789 1281 sibi
1849 1215 2225 1300 praestitum
2285 1216 2611 1279 honorem

287 1317 569 1402 dignare
628 1318 1085 1384 corroborare.
1175 1319 1570 1385 Honorifica
1629 1340 1780 1383 eum
1833 1341 1969 1405 prae
2022 1319 2279 1383 cunctis
2339 1318 2615 1404 regibus

288 1421 676 1498 Britanniae,
708 1422 899 1486 uberi
930 1443 1081 1487 eum
1126 1423 1590 1488 benedictione
1621 1422 1980 1508 locupleta,
2011 1428 2081 1487 et
2124 1423 2195 1486 in
2227 1421 2393 1487 solio
2422 1420 2612 1500 regni

290 1524 485 1589 firma
513 1526 889 1590 stabilitate
936 1526 1299 1591 consolida.
1389 1527 1621 1592 Visita
1659 1548 1811 1591 eum
1853 1526 1926 1590 in
1972 1525 2222 1604 sobole,
2255 1532 2325 1590 et
2366 1531 2616 1611 praesta

291 1628 355 1692 ei
384 1628 845 1712 prolixitatem
890 1629 1062 1695 vitae.
1154 1631 1235 1694 In
1265 1630 1503 1695 diebus
1535 1632 1684 1714 ejus
1718 1630 2181 1715 superoriatur
2204 1629 2505 1713 justitia,
2539 1638 2617 1694 ut

291 1753 440 1796 cum
463 1733 881 1816 jocunditate
913 1739 984 1797 et
1009 1733 1248 1799 laetitia
1278 1741 1525 1800 aeterno
1548 1734 1880 1820 glorietur
1909 1735 1980 1798 in
2010 1754 2238 1819 regno.
2328 1733 2477 1798 Per.

375 1834 499 1894 Hic
524 1837 648 1913 φερέ
671 1838 840 1913 viv-qa
866 1837 1049 1909 detur,
1078 1838 1239 1914 eique
1264 1838 1515 1896 dicatur.

411 1932 663 2017 Accipe
723 1933 986 2017 virgam
1050 1932 1327 1998 virtutis
1393 1938 1599 2018 atque
1661 1933 2021 2018 aequitatis,
2082 1953 2219 2017 qua
2274 1931 2622 2019 intelligas

288 2035 581 2100 mulcere
612 2036 783 2121 pios,
817 2042 888 2101 et
919 2041 1175 2100 terrere
1205 2038 1569 2120 ,reprobos3
1618 2042 1928 2101 errantes
1960 2037 2137 2101 viam
2169 2036 2352 2113 doce,
2373 2035 2614 2120 lapsis·

289 2162 420 2225 que
445 2162 714 2206 manum
734 2141 1023 2227 porrige,
1050 2142 1532 2226 disperdasque
1560 2143 1908 2226 superbos,
1931 2149 2002 2207 et
2022 2140 2288 2205 releves
2312 2140 2622 2217 humiles,

296 2251 375 2310 ut
405 2245 669 2330 aperiat
694 2246 819 2308 tibi
850 2247 1099 2311 ostium
1140 2246 1183 2310 J
1187 2266 1344 2309 esus
1378 2244 1697 2310 Christus
1740 2244 2069 2310 Dominus
2099 2252 2350 2321 noster,
2382 2245 2500 2328 qui
2542 2243 2625 2307 de

294 2351 547 2435 seipso
571 2350 690 2425 ait,
721 2350 865 2435 Ego
914 2370 1059 2413 sum
1094 2350 1366 2425 ostium,
1400 2369 1523 2434 per
1567 2370 1672 2412 me
1723 2350 1781 2414 si
1827 2350 1983 2433 quis
2014 2348 2357 2413 introierit
2403 2346 2622 2412 salva-

293 2454 513 2519 bitur:
560 2459 631 2518 et
660 2452 805 2539 ipse
843 2451 957 2538 qui
988 2459 1097 2519 est
1126 2452 1338 2518 clavis
1371 2452 1592 2517 David
1626 2458 1695 2518 et
1729 2460 2066 2538 sceptrum
2113 2452 2351 2516 domus
2381 2450 2622 2529 Israel,

298 2558 415 2642 qui
460 2557 684 2642 aperit
727 2564 796 2622 et
847 2578 1042 2621 nemo
1094 2556 1370 2634 claudit,
1418 2555 1679 2621 claudit
1722 2565 1792 2620 et
1836 2578 2033 2620 nemo
2079 2555 2317 2642 aperit,
2365 2555 2457 2619 sit
2500 2555 2626 2619 tibi

299 2661 589 2745 adjutor,
637 2661 752 2745 qui
800 2660 1026 2725 educit
1074 2660 1372 2724 vinctum
1423 2659 1504 2723 de
1553 2660 1750 2723 domo
1804 2660 2115 2736 carceris,
2162 2658 2504 2723 sedentem
2556 2658 2625 2722 in

292 2765 591 2830 tenebris
623 2770 693 2828 et
723 2766 961 2829 umbra
1000 2764 1256 2840 mortis,
1287 2770 1365 2828 ut
1409 2764 1478 2826 in
1526 2763 1838 2828 omnibus
1871 2763 2059 2847 sequi
2102 2761 2424 2827 merearis
2469 2781 2621 2825 eum

298 2872 380 2935 de
426 2892 558 2956 quo
604 2872 935 2955 propheta
976 2869 1196 2934 David
1241 2869 1504 2945 cecinit,
1548 2868 1756 2932 Sedes
1801 2874 1922 2933 tua
1966 2867 2152 2931 Deus
2195 2866 2265 2929 in
2312 2865 2623 2929 saeculum

304 2977 551 3053 saeculi,
595 2977 791 3060 virga
837 2979 1029 3039 recta
1074 2980 1181 3038 est
1222 2975 1418 3059 virga
1465 2972 1660 3058 regni
1704 2972 1826 3037 tui.
1916 2971 2195 3037 Imitare
2241 2971 2461 3056 ipsum
2510 2968 2626 3054 qui

295 3082 479 3157 dicit,
503 3080 768 3166 Diligas
791 3078 1155 3162 justitiam,
1188 3083 1259 3141 et
1287 3076 1438 3141 odio
1470 3076 1726 3140 habeas
1755 3075 2218 3159 iniquitatem;
2264 3083 2626 3158 propterea

296 3187 492 3251 unxit
537 3185 842 3251 te·Deus
888 3183 1073 3247 Deus
1119 3187 1283 3247 tuus
1336 3180 1485 3244 oleo
1539 3179 1825 3244 laetitiae:
1873 3180 1960 3243 ad
2008 3177 2384 3263 exemplum
2436 3177 2623 3241 illius

300 3310 499 3374 quem
565 3301 723 3353 ante
785 3285 1029 3352 saecula
1096 3288 1383 3348 unxerat
1449 3303 1583 3367 pree
1654 3282 2095 3367 participibus
2163 3281 2329 3356 suis,
2386 3280 2621 3344 Jesum

303 3393 651 3458 Christum
680 3391 1036 3456 Dominum
1068 3392 1399 3453 nostrum.

383 3496 740 3554 Benedictio.

388 3592 733 3657 Extendat
762 3591 1186 3673 omnipotens
1216 3586 1544 3651 Dominus
1577 3586 1921 3650 dexteram
1956 3605 2089 3648 suae
2120 3583 2627 3659 benedictionis,

304 3706 373 3765 et
405 3698 706 3764 effundat
738 3716 942 3782 super
984 3701 1054 3759 te
1086 3695 1335 3758 donum
1368 3714 1502 3757 suoe
1547 3690 2013 3776 protectionis,
2047 3696 2113 3753 et
2160 3688 2528 3754 circumdet
2555 3692 2623 3752 te

302 3826 492 3869 muro
536 3800 885 3866 felicitatis
917 3819 995 3863 ac
1025 3797 1335 3862 custodia
1374 3816 1509 3860 suae
1540 3793 2067 3880 propitiationis,
2101 3795 2346 3857 sanctae
2391 3790 2624 3858 Mariae

302 3930 382 3974 ac
455 3906 642 3972 beati
713 3903 902 3969 Petri
976 3900 1437 3987 apostolorum
1509 3896 1834 3984 principis
1910 3895 2256 3980 sanctique
2324 3894 2632 3980 Gregorii

298 4011 671 4098 Anglorum
701 4006 992 4093 apostoli
1037 4012 1240 4090 atque
1286 4004 1583 4068 omnium
1627 4006 2012 4067 sanctorum
2055 3999 2628 4065 intercedentibus

303 4116 587 4183 meritis.
676 4116 921 4178 Amen.
1421 4116 1426 4121 ·

388 4216 755 4302 Indulgeat
782 4215 910 4281 tibi
940 4213 1273 4278 Dominus
1303 4209 1531 4275 omnia
1562 4210 1747 4273 mala
1776 4229 1920 4292 quae
1951 4205 2252 4292 gessisti,
2283 4210 2353 4269 et
2382 4206 2641 4271 tribuat

299 4326 425 4392 tibi
456 4323 747 4409 gratiam
783 4326 855 4387 et
895 4315 1422 4385 misericordiam
1455 4335 1659 4398 quam
1691 4311 2042 4377 humiliter
2071 4310 2157 4375 ab
2203 4329 2280 4372 eo
2311 4309 2639 4395 deposcis,

483 4427 608 4494 34*
