3117 5025
908 398 1411 465 Inthrdnizatio
1443 360 1990 483 Archiepieeopi.
2470 373 2595 464 381

299 570 706 637 lavationem
752 595 1069 638 manuum
1118 593 1416 639 suarum.
1509 573 1767 640 Deinde
1814 596 1973 639 vero
2020 580 2184 640 tunc
2238 574 2608 643 ascendens

301 678 551 742 iterato
596 680 679 742 ad
725 679 1041 743 thronum
1090 700 1304 756 suum,
1338 681 1868 745 communionem
1912 701 2062 745 cum
2106 678 2212 745 Ite
2257 682 2472 742 missa
2502 688 2602 742 est

297 803 343 844 a
394 781 669 846 diacono
718 803 838 847 suo
893 782 1207 849 videlicet
1259 786 1686 870 suffraganeo
1748 790 2163 871 pel-cantate,
2212 784 2603 851 solemniter

309 884 756 968 perimplebit.
2541 956 2548 962 .

388 988 641 1073 Quibus
702 988 798 1053 sic
848 990 1085 1075 gestis,
1139 989 1822 1075 praefatus-dominus
1875 991 2442 1077 Archiepiscopus
2492 991 2603 1055 de-

302 1092 626 1155 scendens
674 1113 715 1156 a
776 1092 1015 1157 throno
1069 1114 1282 1179 usque
1335 1094 1421 1158 ad
1468 1094 1688 1158 altare
1743 1095 2026 1180 pallium
2084 1116 2278 1160 suum
2336 1115 2598 1161 sacrum

299 1194 542 1260 ibidem
599 1196 918 1260 dimittet.
1037 1196 1129 1263 Et
1188 1198 1553 1283 procedens
1623 1199 1859 1262 exinde
1923 1219 2137 1283 usque
2199 1198 2282 1263 ad
2352 1199 2600 1263 dictum

298 1298 702 1364 vestibulum
725 1300 809 1364 ad
834 1303 1208 1366 exuendum
1237 1324 1307 1366 se
1335 1304 1635 1369 vestibus
1658 1304 1798 1366 suis
1821 1304 2133 1388 propriis,
2159 1302 2600 1387 Evangelium

302 1404 519 1467 sancti
577 1403 908 1470 Johannis
969 1405 1281 1471 videlicet
1340 1407 1429 1469 In
1494 1409 1849 1488 principio
1911 1417 2062 1471 erat
2136 1407 2423 1470 Verbum
2487 1409 2600 1488 ᾅσ.

299 1507 701 1571 ambulando
732 1508 1056 1594 perleget.

387 1610 527 1695 Quo
589 1613 765 1683 facto
825 1614 909 1677 ad
971 1614 1295 1699 palatium
1362 1635 1556 1678 suum
1626 1635 1773 1679 cum
1850 1615 2103 1681 honore
2169 1619 2356 1681 tanto
2417 1616 2597 1698 patri

296 1713 519 1780 debito
552 1722 997 1781 convertetur.

1361 2027 1539 2115 (IV.)

397 2253 608 2317 From
642 2256 749 2318 the
786 2255 1087 2337 Chapter
1117 2257 1292 2319 Acts
1326 2257 1431 2319 let
1462 2255 1682 2335 April
1713 2255 1904 2318 1534.

394 2443 518 2527 'Die
552 2463 872 2529 Mercurii
905 2464 1205 2548 proximo
1230 2468 1386 2549 post
1417 2463 1831 2529 Dominicam
1862 2463 1930 2527 in
1961 2463 2192 2528 Ramis
2223 2462 2603 2529 Palmarum

305 2569 902 2632 reverendissimus
978 2570 1043 2631 in
1137 2568 1405 2632 Christo
1479 2575 1676 2652 pater
1751 2575 1819 2632 et
1894 2569 2222 2645 dominus,
2301 2569 2607 2632 dominus

275 2670 675 2736 Edwardus
708 2672 931 2756 gratia
962 2671 1088 2736 Dei
1119 2672 1320 2736 Ebor.
1356 2673 1938 2757 Archiepiscopus,
1964 2672 2223 2756 Angliae
2256 2675 2508 2757 primas
2539 2681 2610 2737 et

304 2775 701 2861 Apostolicae
734 2776 912 2839 sedis
944 2776 1235 2861 legatus,
1266 2776 1555 2861 propriis
1588 2776 1865 2840 indutus
1912 2778 2217 2840 vestibus
2263 2798 2304 2841 a
2334 2777 2605 2841 domino

302 2880 571 2945 Decano
617 2885 686 2944 et
716 2880 1003 2944 diversis
1050 2881 1388 2944 canonicis
1420 2880 1742 2945 Ecclesiae
1787 2879 1991 2944 Ebor.
2024 2881 2113 2944 ibi
2162 2882 2606 2965 praesentibus

302 2993 369 3050 et
429 2986 674 3049 ceteris
734 2984 1051 3048 Ecclesiae
1099 2984 1299 3048 Ebor.
1347 2985 1680 3049 ministris
1735 2986 1920 3069 capis
1972 2985 2293 3069 pretiosis
2353 2985 2610 3049 indutis

302 3090 480 3153 infra
496 3095 758 3173 portam
778 3090 979 3173 juxta
998 3088 1194 3150 finem
1215 3087 1531 3152 Ecclesiae
1553 3088 1756 3152 Ebor.
1780 3088 2105 3172 praedictae
2132 3089 2605 3153 occidentalem

305 3201 463 3259 ante
497 3193 839 3256 meridiem
873 3193 1172 3276 ejusdem
1210 3193 1342 3256 diei
1375 3193 1968 3277 processionaliter
1998 3201 2068 3257 et
2113 3195 2475 3257 honorifice
2507 3200 2613 3257 est

303 3305 636 3382 receptus,
671 3319 847 3381 aqua
874 3297 1227 3361 benedicta
1272 3291 1589 3382 aspersus
1634 3320 1675 3362 a
1705 3298 1991 3361 dominis
2023 3296 2296 3361 Decano
2329 3304 2401 3378 et
2431 3300 2607 3363 thes—

304 3403 574 3467 aurario
622 3401 918 3486 ejusdem
965 3400 1283 3465 Ecclesiae
1326 3408 1396 3465 et
1425 3401 1913 3465 residentiariis
1945 3402 2014 3463 in
2047 3402 2231 3485 capis
2264 3403 2609 3465 existenti-

304 3508 431 3570 bus
456 3513 524 3569 et
548 3504 992 3580 thurificatus,
1020 3505 1133 3568 ubi
1157 3504 1240 3568 ad
1269 3503 1629 3568 scabellum
1657 3526 1778 3590 pro
1805 3506 1952 3589 ipso
1978 3513 2054 3569 ut
2076 3506 2303 3569 decuit
2325 3507 2606 3570 honeste

306 3610 708 3684 ordinatum,
772 3609 1012 3693 positis
1081 3608 1323 3671 ibidem
1385 3609 1646 3672 duobus
1706 3610 2014 3672 crucibus
2076 3609 2307 3691 parvis
2367 3616 2438 3673 et
2495 3631 2616 3693 per

308 3714 589 3778 eundem
636 3712 990 3776 Dominum
1036 3712 1629 3796 Arcbiepiscopum
1680 3712 2183 3797 genuflectendo
2227 3713 2393 3797 ipsis
2425 3734 2612 3776 oscu-

306 3819 511 3892 latus,
556 3816 981 3902 processione
1028 3816 1297 3878 interim
1348 3824 1572 3879 stante
1619 3816 1689 3878 in
1722 3817 2051 3879 cimiterio
2097 3818 2289 3900 quasi
2338 3818 2422 3880 ab
2467 3818 2614 3900 ipsa

307 3930 503 4008 porta
533 3920 866 4007 praedicta,
910 3939 1146 3982 versus
1190 3919 1434 3982 ostium
1485 3920 1800 3984 Ecclesiae
1832 3920 2365 4004 metropolitanae
2412 3922 2609 3985 Ebor.

239 4027 242 4032 ’
303 4026 628 4112 praedictae
650 4023 1079 4088 occidentale.
1140 4022 1395 4087 Deinde
1415 4025 1879 4109 gradientibus
1900 4022 2167 4089 Decano
2188 4032 2255 4088 et
2276 4026 2610 4090 canonicis

302 4136 373 4195 et
397 4128 735 4191 ‘ministris
760 4127 1073 4192 Ecclesiae
1105 4127 1430 4211 praedictae
1463 4127 1544 4191 ad
1579 4127 1948 4191 Ecclesiam
1983 4128 2179 4191 Ebor.
2207 4129 2609 4212 praedictam,
2716 4216 2721 4222 q
2831 4158 2839 4167 ·

304 4241 373 4297 et
404 4234 669 4316 incepto
703 4235 809 4316 (ut
841 4232 1016 4295 circa
1039 4231 1420 4314 hujusmodi
1453 4253 1493 4294 a
1527 4238 1916 4296 succentore
1949 4231 2342 4294 vicariorum
2376 4232 2607 4295 chora-

299 4339 462 4402 lium
509 4337 809 4420 ejusdem
854 4335 1165 4401 Ecclesiae
1214 4336 1439 4421 Ebor.)
1486 4337 1935 4422 Responsorio
1982 4335 2294 4401 videlicet
2323 4338 2612 4401 Summae
