3117 5025
514 360 647 424 264
1004 359 1446 425 consecratio
1484 357 1800 426 Oleorum
1831 368 1899 422 et
1935 359 2363 424 Chriematv'a

602 756 793 824 With
824 755 1069 842 regard
1100 762 1170 821 to
1214 756 1330 822 the
1363 754 1604 820 Offices
1634 754 1880 821 earlier
1923 757 2088 822 than
2120 758 2239 822 the
2271 757 2433 822 time
2465 757 2540 822 of
2579 755 2836 839 Bishop

511 858 831 938 Osmund,
892 880 1069 944 upon
1130 858 1345 924 which
1408 857 1514 922 his
1575 864 2050 944 arrangement
2105 880 2248 925 was
2308 860 2522 937 made,
2584 859 2622 923 I
2677 867 2835 943 may

509 961 743 1047 briefly
774 983 893 1047 say
924 963 1095 1038 that,
1127 982 1206 1026 as
1235 960 1342 1025 far
1370 981 1447 1025 as
1478 961 1513 1025 I
1543 982 1653 1027 am
1686 982 1932 1037 aware,
1964 963 2125 1047 they
2155 983 2385 1039 are,—

602 1065 660 1127 1.
750 1065 892 1129 The
940 1064 1146 1129 Form
1199 1064 1271 1127 in
1328 1062 1646 1149 Egbert’s
1705 1065 1837 1129 and
1897 1066 2013 1129 the
2064 1064 2404 1151 Jumieges
2456 1063 2832 1129 Pontifical.

512 1168 677 1231 This
724 1167 863 1231 will
908 1168 993 1232 be
1037 1167 1244 1232 found
1293 1166 1561 1252 printed
1608 1166 1677 1232 in
1731 1167 2037 1253 Egberts'
2043 1189 2075 1232 s
2120 1166 2841 1245 Pontifica138urtees

518 1270 804 1356 Society,
837 1270 970 1336 vol.
999 1270 1107 1338 27.
2874 1277 2877 1278 ’

599 1374 663 1439 2.
753 1375 977 1441 That
960 1396 1030 1439 1n
1059 1373 1321 1440 Leofric
1354 1374 1415 1437 A
1445 1374 1578 1438 and
1609 1319 2037 1461 Archbishop
2070 1374 2404 1440 Dunstan.

1589 1582 1743 1666 (a.)

1345 1685 1626 1762 Leofric,
1659 1684 1822 1749 folio
1853 1685 2005 1753 287.

1194 1789 1395 1854 Feria
1422 1810 1484 1853 v.
1516 1790 1589 1853 in
1622 1788 1823 1854 Coena
1851 1788 2140 1855 Domini.

601 1892 965 1958 Conficitur
1024 1892 1318 1957 chrisma
1377 1892 1443 1955 in
1506 1891 1745 1956 ultimo
1811 1898 1967 1970 ante
2028 1894 2329 1958 missam.
2449 1894 2832 1978 Antequam

510 1994 793 2073 dicatur,
842 1996 984 2059 Per
1029 2016 1221 2078 quem
1266 1996 1405 2059 Izaec
1450 1996 1704 2069 omnia,
1745 1996 2054 2072 Domine,
2086 2016 2345 2077 semper
2394 1997 2575 2059 bona
2619 2018 2837 2073 creas,

513 2096 827 2160 levantur
857 2097 998 2160 duae
1044 2095 1352 2180 ampullae
1384 2117 1553 2180 quas
1587 2098 1876 2161 offerunt
1923 2098 2172 2182 populi,
2207 2110 2278 2163 et
2321 2098 2660 2163 benedicit
2694 2103 2837 2164 tam

513 2200 819 2264 dominus
852 2201 1035 2285 Papa
1065 2222 1264 2285 quam
1296 2220 1526 2264 omnes
1556 2200 1956 2284 presbyteri.

603 2303 1011 2379 Benedictio,
1047 2305 1317 2380 Emitte,
1349 2306 1460 2367 διο.

600 2405 847 2489 Incipit
874 2406 1250 2471 benedictio
1281 2404 1669 2470 chrismatis
1698 2404 2116 2491 principalia.

605 2509 894 2575 Sursum
926 2512 1143 2574 corda
1164 2533 1185 2572 .·

606 2612 687 2677 R.
776 2613 1134 2676 Habemus
1166 2616 1262 2674 ad
1290 2612 1682 2676 Dominum.

612 2717 899 2779 Gratias
932 2736 1218 2800 ayamus
1247 2715 1542 2779 Domino
1575 2717 1717 2781 Deo
1747 2724 2003 2783 nostro.

606 2816 688 2881 R.
775 2819 1076 2902 Dignum
1111 2827 1175 2881 et
1186 2817 1456 2901 justum
1487 2828 1610 2887 est.

619 2920 785 2982 Vere
815 2921 1110 3001 diqnum.
1199 2921 1484 2985 AEterne
1515 2922 1722 2996 Deus,
1754 2922 1876 3004 qui
1905 2926 1979 2985 in
1998 2923 2378 3004 principio.
2411 2923 2529 2989 &c.

608 3020 1040 3085 Exorcismus
1073 3019 1223 3083 olei.

611 3124 816 3200 Deus,
849 3126 970 3206 qui
1000 3124 1273 3201 virtute,
1303 3123 1423 3188 &c.

1593 3334 1740 3415 (ὁ.)

1293 3433 1711 3521 Archbishop
1743 3436 2075 3502 Dunstan.

1362 3536 1443 3598 In
1477 3534 1677 3602 Coena
1705 3537 1994 3605 Domini.

640 3636 719 3698 In
790 3633 990 3698 Coena
1048 3633 1316 3698 Domini
1380 3638 1590 3704 faciat
1655 3642 2008 3728 episcopus
2070 3645 2639 3709 consecrationem
2705 3646 2838 3712 olei

525 3739 933 3802 infirmorum
966 3737 1032 3799 in
1065 3739 1301 3802 ιι.ι.ἰῐῐιο
1332 3740 1416 3804 ad
1448 3739 1745 3820 missam,
1771 3751 2127 3830 antequam
2159 3748 2440 3824 dicatur,
2474 3750 2612 3815 Per
2643 3773 2839 3832 quem

525 3842 664 3903 haec
738 3840 989 3913 omnia,
1058 3841 1117 3901 L
1138 3843 1361 3917 amine,
1427 3864 1688 3925 semper
1764 3849 1939 3911 bona
2006 3871 2199 3913 creas
2216 3872 2243 3928 ;
2310 3857 2380 3915 et
2453 3851 2839 3918 levantibus

529 3940 855 4004 ministris
895 3939 1224 4023 ampullas
1256 3943 1363 4006 his
1409 3946 1713 4011 versibus
1756 3970 1906 4012 cum
1941 3951 2082 4015 suis
2129 3952 2612 4030 sacerdotibuS,
2647 3956 2847 4019 bene-

528 4043 728 4117 dicat,
758 4042 1035 4115 Emitte,
1066 4042 1371 4120 Domine,
1404 4047 1766 4127 Spiritum,
1796 4050 1915 4115 &c.

618 4145 783 4207 Post
824 4142 1096 4205 missam
1150 4145 1322 4210 hanc
1368 4149 1804 4235 principalem
1856 4155 2238 4221 chrismatis
2291 4158 2841 4238 benedictionem,

524 4245 799 4310 litanias
828 4244 1212 4327 praecinens,
1242 4247 1448 4313 faciat
1477 4252 1845 4337 episcopua,
1876 4255 2120 4333 dicensi,
