3117 5025
881 377 1391 444 luthronizatio
1422 374 1976 462 Archiepiscopi;
2460 372 2597 446 ³75·

288 571 361 616 se
385 556 456 617 et
480 552 677 618 stetit
698 550 1027 638 populum
1050 551 1527 629 benedicendo,
1550 557 1631 617 ut
1658 557 1769 618 est
1798 552 2031 630 moris,
2053 561 2126 617 et
2152 548 2602 617 incontinenti

285 656 559 741 incepto
603 656 1082 741 Responsorio‚
1120 658 1338 721 Pater
1387 677 1595 722 aures
1642 656 1938 733 intende,
1980 677 2023 721 a
2061 659 2456 721 succentore
2496 654 2597 739 vi-

291 760 626 827 cariorum
670 782 818 825 cum
860 762 1084 838 choro,
1114 760 1445 825 Dominus
1474 761 1789 826 Decanus
1831 758 2215 847 accipiendo
2257 757 2600 825 dominum

294 869 893 955 Archiepiscopum
922 891 1043 957 per
1073 891 1363 946 manum,
1384 869 1605 954 ipsum
1638 867 1918 933 adduxit
1949 867 2033 932 ad
2057 866 2373 931 thronum
2410 886 2605 933 suum

297 974 494 1056 juxta
523 972 742 1039 altare
776 995 1091 1060 magnum
1115 995 1235 1059 pro
1267 973 1415 1059 ipso
1438 973 1806 1037 honorifice
1840 972 2245 1048 ordinatum,
2266 977 2338 1035 et
2364 970 2611 1043 ibidem

298 1099 504 1164 super
567 1078 1167 1165 Archiepiscopum
1236 1084 1396 1145 ante
1462 1079 1782 1142 thronum
1853 1099 2049 1143 suum
2119 1076 2205 1141 ad
2273 1076 2609 1160 quoddam

297 1181 667 1248 scabellum
699 1188 1114 1268 prostratum
1149 1188 1374 1249 certas
1399 1184 1748 1249 orationes
1779 1203 1926 1246 cum
1963 1179 2321 1246 versieulis
2353 1203 2610 1247 earum-

298 1286 451 1353 dem
484 1285 909 1352 sollemniter
938 1287 1351 1354 decantavit.
2400 1341 2405 1345 .
2498 1342 2505 1352 .
2621 1278 2625 1282 ’

418 1390 675 1476 Quibus
748 1391 1129 1458 decantatis
1205 1390 1526 1477 praefatus
1600 1389 1911 1456 dominus
1983 1387 2321 1466 Decanus,
2385 1391 2603 1477 ipsum

300 1493 637 1559 dominum
690 1494 1291 1581 Archiepiscopum
1344 1494 1428 1560 ad
1478 1494 1793 1560 thronum
1856 1515 2048 1558 suum
2108 1492 2380 1573 ducem,
2431 1495 2607 1562 dixit

304 1599 429 1664 sub
459 1598 587 1663 hac
618 1599 858 1664 f.orma

389 1702 477 1781 In
541 1704 811 1767 nomine
872 1700 1028 1779 Dei,
1086 1703 1334 1767 Amen.
1422 1703 1868 1769 Auctoritate
1927 1700 2225 1788 ejusdem
2284 1711 2350 1769 et
2408 1702 2611 1813 hujus

306 1805 585 1869 Sanctae
613 1805 948 1870 Eccleaeioe
979 1806 1189 1869 Ebor.
1263 1805 1340 1868 N
1338 1826 1414 1868 os
1447 1805 1534 1868 R.
1566 1806 1888 1870 Decanus
1923 1807 2037 1887 §rm

400 1907 485 1971 Et
536 1929 684 1971 cum
737 1907 1023 1994 legendo
1070 1908 1491 1993 pervenisset
1534 1907 1621 1972 ad
1666 1909 1891 1986 verba,
1938 1909 2496 1974 Inthronizamus
2550 1920 2618 1974 et

305 2011 772 2087 installamus,
800 2010 1021 2096 ipsum
1067 2011 1405 2077 dominum
1439 2012 2037 2099 Archiepiscopum
2069 2014 2298 2097 posuit
2340 2013 2411 2078 in
2459 2014 2614 2079 sede

314 2135 440 2181 sua
469 2136 701 2200 supra·
678 2115 907 2181 -dicta.

402 2222 905 2306 subsequenter
935 2242 1095 2286 vero
1121 2242 1327 2307 supra
1352 2221 1676 2285 sedente
1659 2243 1725 2284 111
1754 2223 1994 2287 throno
2020 2222 2285 2307 quidam
2311 2186 2616 2300 Tractus,

314 2324 630 2390 videlicet
688 2327 1127 2403 Benedictus,
1189 2346 1232 2389 a
1300 2325 1523 2401 chor0,
1586 2347 1843 2390 necnon
1905 2327 2109 2390 certis
2170 2326 2473 2391 collectis
2539 2349 2618 2392 ac

319 2427 671 2493 versiculis
722 2450 844 2515 pro
894 2427 1279 2514 hujusmodi
1332 2434 1491 2492 actu
1544 2428 1894 2505 ordinatis,
1940 2450 1979 2493 a
2029 2429 2296 2493 domino
2349 2429 2619 2496 Decano

318 2533 629 2599 Ecclesiae
676 2533 875 2598 Ebor.
923 2532 1341 2599 sollemniter
1384 2532 1785 2611 decantatis,
1831 2533 2080 2598 Rector
2119 2535 2305 2599 chori
2342 2535 2616 2624 incipiet

322 2637 625 2702 Officium
657 2637 886 2702 Missae
918 2637 988 2702 in
1019 2638 1223 2703 choro
1253 2637 1336 2700 de
1366 2636 1493 2701 die.

403 2741 495 2807 Et
569 2741 893 2829 praefatus
967 2740 1303 2806 Dominus
1378 2740 1947 2827 Archiepiscopus
2012 2742 2259 2807 dictam
2337 2742 2631 2807 Missam

321 2844 567 2911 ibidem
596 2845 666 2907 in
692 2845 936 2910 throno
961 2865 1082 2909 suo
1102 2864 1314 2929 usque
1339 2843 1423 2908 ad
1449 2843 1882 2909 Offertorium
1903 2866 1946 2910 a
1969 2846 2177 2910 choro
2200 2844 2626 2912 decantatum

317 2948 707 3026 celebravit,
762 2954 835 3014 et
886 2949 1303 3013 descendens
1356 2969 1399 3014 a
1454 2948 1702 3012 throno
1756 2949 1840 3013 ad
1895 2950 2114 3015 altare
2169 2950 2254 3015 ad
2306 2949 2631 3016 lavandas

325 3074 566 3118 manus
629 3059 789 3117 suas
855 3053 1131 3117 missam
1197 3052 1445 3116 ibidem
1515 3050 1784 3138 peregit
1840 3074 2055 3138 usque
2123 3053 2207 3118 ad
2270 3055 2630 3120 secundam

332 3157 741 3222 lavationem
771 3178 1087 3221 manuum
1120 3177 1415 3220 suarum.
1502 3156 1762 3221 Deinde
1793 3178 1953 3221 vero
1986 3157 2354 3222 ascendens
2386 3159 2633 3224 iterato

330 3263 402 3328 in
431 3263 745 3329 thronum
788 3283 1005 3339 suum,
1039 3262 1345 3336 confecta
1389 3262 1870 3326 communione
1905 3268 1974 3327 et
2015 3263 2637 3328 Postcommunione

319 3368 497 3452 (MS
525 3365 714 3451 prius
746 3365 1026 3450 canone)
1058 3386 1209 3430 cum
1238 3364 1287 3427 I
1286 3374 1347 3428 te
1376 3367 1594 3429 missa
1617 3373 1719 3429 est
1749 3386 1790 3428 a
1813 3363 2110 3429 Diacono
2145 3386 2288 3443 suo,
2312 3366 2626 3433 videlicet

330 3474 781 3556 suffraganeo,
813 3474 1231 3555 percantato,
1264 3467 1682 3533 sollemniter
1711 3468 2092 3554 complevit.

414 3575 672 3660 Quibus
726 3573 823 3637 sic
874 3573 1092 3656 gestis
1147 3571 1469 3658 praefatus
1521 3572 1832 3637 dominus
1890 3572 2459 3658 Archiepiscopus
2519 3573 2640 3639 de-·
2704 3612 2711 3619 ·

329 3674 655 3739 scendens
704 3696 746 3740 a
796 3677 1046 3742 throno
1094 3697 1215 3741 suo
1260 3697 1472 3760 usque
1519 3676 1606 3741 ad
1659 3675 2070 3742 vestibulum
2116 3676 2201 3749 ad
2253 3678 2628 3742 exuendum

332 3778 632 3843 vestibus
709 3780 873 3857 suis,
950 3778 1394 3865 Evangelium
1471 3778 1691 3845 sancti
1778 3779 2113 3844 Johannis
2189 3780 2473 3859 scilicet,
2548 3783 2637 3847 In

321 3884 683 3965 principio
716 3894 869 3948 erat
911 3884 1201 3948 Verbum
1233 3885 1347 3966 5³0.
1380 3883 1788 3950 ambulando
1820 3884 2130 3970 perlegit.

352 4041 362 4070 3
416 3988 593 4052 Acta
655 3987 918 4052 scilicet
981 3989 1121 4052 haec
1183 3988 1407 4052 omnia
1468 3993 1551 4053 ut
1612 4009 1843 4073 supra,
1881 3992 1992 4065 810,
2052 3989 2501 4072 praesentibus
2567 3990 2637 4054 in

325 4089 708 4173 hujusmodi
760 4091 1328 4157 inthronizatione
1382 4091 1793 4158 Reverendis
1854 4096 1925 4157 in
1979 4091 2250 4158 Christo
2312 4093 2629 4158 Patribus

328 4195 667 4279 praedictis
698 4195 987 4260 dominis

415 4298 765 4364 Willelmo
801 4299 979 4384 Gray
1009 4299 1215 4364 Lond.
1315 4308 1319 4314 '

418 4401 707 4468 Thomas
736 4402 1037 4488 Langley
1069 4401 1374 4468 Dunelm.
1409 4404 1780 4489 Episcopis.
