3117 5025
701 397 1202 463 Reconciliatio
1235 397 1566 463 Ecoleeiae
1595 397 1702 462 vel
1737 396 2139 463 Coemeterii.
2490 371 2573 462 97

182 643 197 658 .
252 603 420 662 modo
460 603 601 680 fiat⁴
624 606 976 674 eoetrinsectw,
1020 601 1303 680 incipiens
1356 602 1427 660 ab
1478 601 1754 662 occidente
1797 622 1900 679 per
1952 601 2173 660 boream
2218 586 2304 657 'ad
2347 605 2576 676 partem

255 697 588 757 orientalem
626 717 797 773 usque
823 696 963 754 dum
1001 697 1192 755 redeat
1221 717 1331 774 per
1355 697 1654 755 sinistram
1681 697 1749 755 in
1786 695 2119 754 occidentem
2148 693 2228 753 ad
2264 694 2444 751 loewm
2470 713 2579 770 quo
2673 729 2686 738 -

255 792 545 869 inceperit.
632 791 702 851 Si
722 791 911 868 fiterit
949 791 1342 865 coemeterium,
1368 792 1559 869 primo
1599 792 1667 850 in
1691 791 1986 850 remotiori
2013 797 2202 867 parte,
2233 788 2473 846 secundo
2511 788 2577 846 in

255 886 461 957 medio,
504 885 666 943 tertio
692 886 867 962 juxta
913 885 1200 943 ecclesiam
1244 885 1661 956 circumeundo,
1706 893 1757 944 et
1794 885 2043 943 maxime
2087 884 2156 943 in
2203 884 2319 942 loeo
2364 882 2581 955 delicti,

255 988 491 1056 sparqat
517 973 730 1057 aquam
758 979 1117 1038 benedictam.

335 1074 585 1133 Interim
611 1081 864 1132 cantetur
889 1074 1004 1132 hoec
1032 1074 1368 1152 mitiphona.

343 1169 683 1254 Asperges
727 1189 853 1246 me,
883 1168 1190 1246 Domine,
1220 1170 1510 1255 hyssopo
1541 1174 1612 1234 et
1654 1168 2042 1246 mundabor,
2073 1166 2334 1233 lavabis
2372 1187 2477 1231 me
2510 1171 2583 1230 et

258 1293 461 1356 super
489 1272 711 1335 nivem
740 1270 1130 1336 dealbabor.

341 1376 462 1439 Pe.
551 1373 878 1438 Miserere
909 1373 1039 1436 mei
1069 1373 1273 1437 Deus.

345 1478 445 1541 Et
474 1478 734 1540 dicitur
762 1478 908 1540 eine
952 1474 1185 1541 Gloria
1213 1477 1425 1542 Patri.

339 1577 449 1636 Ad
475 1597 920 1654 miumquemque
945 1598 1164 1636 versum
1179 1586 1475 1656 repetatwr
1501 1579 1864 1656 Antiphona‚
1894 1578 2189 1658 Asperges
2214 1598 2326 1637 me.

345 1672 577 1730 Deinde
612 1672 834 1730 rediens
874 1673 952 1731 ad
991 1674 1172 1732 locum
1201 1675 1466 1752 primum
1500 1676 1603 1734 ubi
1643 1676 1915 1735 litaniam
1954 1676 2184 1748 dixerit,
2215 1676 2374 1734 dicat
2410 1673 2582 1733 istam

263 1769 577 1828 orationem
602 1788 729 1826 oum
760 1767 1032 1827 Oremus.

357 1864 622 1929 Oratio.
710 1862 925 1926 Deum
967 1862 1372 1928 indultorem
1417 1864 1788 1942 eriminum,
1817 1864 2034 1930 Deum
2080 1865 2371 1930 sordium
2403 1882 2589 1924 mun-

260 1966 585 2041 datorem,
614 1964 852 2041 Deum,
885 1964 998 2047 qui
1045 1971 1425 2029 concretum
1468 1968 1907 2052 originalibus
1937 1968 2230 2053 peccatis
2273 1965 2591 2030 mundum

261 2069 592 2134 adventus
660 2068 764 2130 sui
829 2068 1046 2132 nitore
1120 2068 1519 2152 purificavit,
1592 2069 1930 2154 supplices
1996 2071 2444 2155 deprecemur,
2513 2069 2592 2130 ut

262 2176 499 2236 contra
526 2169 772 2234 diaboli
815 2169 1100 2234 furentis
1129 2170 1409 2236 insidias
1456 2172 1650 2236 fortis
1687 2172 1879 2236 nobis
1924 2178 2258 2256 pugnator
2285 2169 2584 2244 assistat,

161 2292 164 2295 ’
264 2278 336 2337 et
360 2272 666 2356 quiequid
693 2272 838 2354 ejus
859 2271 1082 2336 virosa
1103 2272 1471 2337 calliditate
1495 2274 2029 2358 quotidianisque
2046 2271 2588 2337 infestationibus

263 2373 669 2440 maculatum
699 2374 807 2437 hic
837 2379 1349 2459 corruptumque
1390 2375 1618 2451 fuerit,
1650 2376 1972 2440 efficiatur
2014 2373 2265 2439 coelesti
2300 2373 2590 2438 sanetifi-

263 2477 525 2543 catione
558 2498 635 2541 ac
663 2476 1093 2541 mundatione
1118 2481 1476 2563 purgatum
1501 2500 1517 2556 3
1567 2478 1722 2563 quia
1754 2479 1926 2542 sicut
1955 2477 2138 2542 illius
2170 2482 2276 2542 est
2306 2475 2589 2541 solidum

263 2581 762 2666 perfectumque
787 2601 1130 2663 quassare,
1154 2580 1254 2646 ita
1283 2583 1596 2646 Auctoris
1618 2583 1829 2646 nostri
1854 2587 1960 2646 est
1988 2581 2181 2666 lapsa
2208 2584 2591 2644 restaurare

268 2688 343 2747 et
373 2687 686 2765 corrupta
715 2703 1003 2767 purgare
1028 2706 1045 2759 ;
1093 2684 1284 2766 cujus
1313 2683 1736 2766 majestatem
1767 2704 2137 2769 precamur,
2167 2687 2245 2747 ut
2273 2683 2380 2746 hic
2411 2681 2597 2745 locu's

267 2786 395 2849 fiat
445 2786 529 2850 ab
589 2785 766 2848 omni
823 2784 1188 2870 pollutione
1240 2792 1570 2871 purgatus
1630 2791 1702 2851 et
1761 2786 2215 2850 sanctificatus
2263 2790 2465 2869 atque
2524 2784 2595 2847 in

269 2889 564 2973 priorem
598 2892 847 2951 statum
890 2888 1249 2952 restitutus
1281 2894 1349 2952 et
1392 2889 1863 2954 reconciliatus
1895 2911 1972 2954 ac
2019 2894 2342 2953 sacratus.
2377 2889 2599 2952 tormi-

266 2993 504 3056 nando
548 2992 894 3066 submisse,
940 2991 1070 3054 Per
1114 3011 1266 3055 eum
1319 2992 1432 3076 qui
1476 2991 1545 3054 in
1596 2991 1925 3057 Trinitate
1969 2991 2268 3077 perfecta
2318 2990 2487 3054 vivit
2530 2995 2601 3053 et

269 3092 605 3178 gloriatur
634 3091 835 3156 Deus.

270 3198 2141 3339 Q

367 3369 496 3432 Per
526 3367 705 3431 omni
735 3404 763 3415 -
786 3388 828 3431 a
858 3366 1158 3431 sae-cu-la
1189 3388 1388 3431 sae-cu
1413 3405 1433 3417 -
1453 3367 1719 3432 lo-rum.
1818 3369 2075 3431 A-men.

280 3530 1281 3650 Q

371 3675 757 3742 Do-mi-nus
787 3696 871 3737 vo
896 3674 1231 3739 -bis-cum.

281 3837 1339 3954 Q

376 3982 471 4046 Et
499 4003 647 4046 eum
680 3983 980 4068 spi-ri-tu
1040 3987 1117 4047 tu
1147 4022 1172 4033 -
1211 4005 1269 4047 o.

287 4149 1163 4262 ff

387 4290 695 4354 Sur-sum
729 4312 844 4354 cor
867 4330 892 4340 -
914 4291 1020 4355 da.

477 4395 670 4456 Pont.
709 4394 788 4456 12
