3117 5025
463 389 587 453 192
1094 389 1612 456 Benedictiones
1644 388 2113 473 Episcopales.

547 592 629 652 In
655 592 1125 654 Annuntiatione
1151 593 1323 653 beatae
1348 593 1594 655 Mariae.

549 789 755 868 Deus,
787 790 925 875 qui,
955 812 1105 857 cum
1134 795 1205 856 te
1248 811 1383 855 non
1423 791 1702 876 capiunt
1735 791 1906 870 coeli,
1935 790 2263 879 dignatus
2292 810 2368 856 es
2412 791 2483 856 in
2527 780 2785 878 templ'o

464 894 643 958 uteri
670 892 1022 980 virginalis
1065 892 1339 972 includi,
1369 899 1450 959 ut
1475 899 1697 959 mater
1737 894 2008 980 integra
2050 895 2333 960 haberet
2373 899 2446 959 et
2488 895 2782 961 fructum

462 1000 545 1065 de
614 999 879 1084 spiritu,
938 1003 1010 1066 et
1072 998 1639 1084 incorruptionem
1703 998 1787 1065 de
1853 1003 2077 1084 partu,
2138 1000 2228 1066 da
2284 999 2580 1066 ecclesiae
2646 1005 2782 1066 tuae

462 1103 808 1170 custodem
859 1101 1195 1189 angelum,
1247 1102 1365 1188 qui
1415 1107 1486 1168 te
1539 1102 1785 1168 Filium
1848 1103 2105 1181 Mariae,
2152 1103 2281 1168 fide
2336 1103 2781 1188 concipiente,

465 1204 779 1290 proedixit
807 1225 957 1271 esse
986 1204 1312 1272 futurum.
1400 1208 1641 1269 Amen.

550 1309 940 1375 Sanctificet
980 1328 1254 1395 gregem
1299 1311 1493 1374 tuum
1533 1308 1657 1373 illa
1699 1308 2099 1386 benedictio,
2144 1328 2289 1393 quae
2334 1309 2478 1372 sine
2525 1306 2780 1372 semine

461 1413 755 1477 humano
784 1410 1302 1495 Redemptorem
1333 1408 1614 1495 virginis
1643 1410 1962 1476 formavit
1986 1410 2057 1475 in
2087 1415 2303 1475 utero.
2390 1409 2627 1474 Amen.

546 1515 644 1581 Ut
693 1518 761 1579 te
805 1516 1200 1598 protegente
1251 1510 1551 1578 exsultet
1594 1512 1882 1578 ecclesia
1930 1513 2013 1578 de
2058 1517 2468 1597 congregato
2511 1510 2782 1596 populo,

462 1618 640 1683 sicut
667 1616 870 1681 beata
896 1614 1090 1701 virgo
1118 1614 1367 1681 meruit
1396 1612 1677 1701 gloriari
1707 1615 1790 1681 de
1819 1614 2045 1682 fructu
2075 1615 2396 1700 pretioso.
2484 1614 2724 1681 Amen.

549 1717 737 1806 Quod
765 1718 934 1802 ipse.

477 1978 482 1981 ,
542 1920 866 1982 Dominica
892 1921 960 1982 in
986 1921 1197 1982 Bamis
1222 1922 1590 1983 Palmarum.

550 2122 913 2188 Benedicat
940 2143 1061 2189 vos
1085 2124 1509 2209 omnipotens
1534 2123 1742 2203 Deus,
1762 2125 1869 2191 cui
1891 2124 2304 2209 jejuniorum
2328 2122 2782 2190 maceratione

461 2232 534 2292 et
561 2225 993 2312 praesentium
1023 2226 1281 2291 dierum
1311 2227 1783 2292 observatione
1813 2227 2080 2312 placere
2114 2226 2422 2303 studetis,
2449 2229 2787 2310 quatenus

465 2331 552 2395 ad
609 2334 872 2396 aeternae
940 2330 1302 2396 suavitatis
1367 2330 1803 2397 refectionem
1861 2331 2014 2417 ipso
2079 2330 2370 2395 donante
2428 2328 2782 2416 pervenire

466 2430 763 2517 possitis.
851 2433 1089 2496 Amen.

551 2535 1019 2619 Concedatque
1049 2535 1260 2613 vobis,
1292 2539 1370 2600 ut
1401 2536 1579 2600 sicut
1608 2536 1669 2599 ei
1702 2556 1849 2600 cum
1880 2536 2089 2600 ramis
2117 2533 2495 2622 palmarum
2526 2537 2782 2599 cetera-

462 2657 693 2700 rumve
721 2637 1058 2701 frondium
1081 2638 1474 2721 praesentari
1505 2637 1883 2714 studuistis,
1906 2638 2006 2703 ita
2034 2658 2184 2702 cum
2213 2636 2440 2720 palma
2467 2636 2782 2712 victoriae,

466 2744 538 2804 et
565 2737 789 2804 fructu
817 2738 1140 2803 bonorum
1172 2759 1471 2824 operum,
1503 2740 1566 2804 ei
1613 2746 1770 2824 post
1798 2740 2054 2805 obitum
2094 2760 2424 2824 apparere
2468 2739 2784 2805 valeatis.

466 2844 701 2905 Amen.
1659 2869 1668 2878 ·

552 2943 809 3028 Quique
853 2941 1207 3028 Unigeniti
1238 2943 1396 3008 Filii
1437 2944 1586 3027 ejus
1631 2944 2012 3028 passionem
2044 2964 2213 3029 puro
2259 2943 2455 3009 corde
2486 2942 2781 3019 creditis,

441 3052 686 3111 ·mente
716 3046 961 3110 devota
987 3047 1297 3112 venerari
1328 3048 1642 3125 studetis,
1661 3049 1748 3113 ad
1777 3048 2289 3113 resurrectionis
2320 3047 2467 3131 ejus
2496 3046 2677 3111 festa
2707 3054 2779 3109 et

464 3154 703 3213 vestrae
742 3149 1304 3215 remunerationis
1333 3150 1631 3234 praemia,
1662 3150 1849 3215 illius
1882 3149 2040 3216 fulti
2069 3149 2440 3215 munimine
2472 3148 2782 3214 veniatis.

457 3254 697 3318 Amen.
2208 3243 2213 3250 ’

548 3353 737 3441 Quod
766 3353 931 3440 ipse.

536 3574 589 3634 I
582 3597 621 3635 π
648 3576 1025 3636 translatione
1050 3578 1238 3637 sancti
1267 3577 1495 3636 Thomae
1521 3579 1958 3658 archiepiscopi.

547 3788 752 3866 Deus,
801 3810 1207 3857 summorum
1258 3793 1646 3878 pontificum
1699 3794 1936 3882 gloria,
1990 3796 2250 3859 aeternae
2304 3793 2456 3858 vitae
2508 3812 2779 3867 corona,

463 3910 584 3956 vos
648 3892 910 3956 meritis
976 3898 1047 3958 et
1103 3894 1696 3962 intercessionibus
1763 3896 2260 3981 archipraesulis
2327 3901 2397 3961 et
2460 3894 2783 3977 martyris

461 3993 729 4057 Thomae
779 3994 1094 4078 dignetur
1141 3996 1554 4077 benedicere,
1609 4001 2064 4082 virtutumque
2125 3997 2305 4061 omni
2358 4016 2604 4082 genere
2658 4016 2785 4059 vos

461 4096 776 4160 decenter
803 4096 1083 4162 floribus
1111 4098 1446 4165 decorare.
1537 4104 1771 4167 Amen.

553 4196 808 4282 Quique
838 4198 1030 4265 illum
1061 4202 1400 4268 castitatis
1431 4204 1782 4289 privilegio
1825 4202 2261 4286 martyriique
2293 4200 2517 4285 palma
2548 4201 2787 4284 digna-

459 4305 572 4362 tus
620 4306 722 4364 est
772 4301 1152 4379 sublimare,
1187 4326 1306 4370 vos
1338 4306 1525 4370 illius
1572 4309 1849 4372 obtentu
1882 4307 1966 4369 ab
2014 4305 2193 4368 omni
2239 4303 2417 4366 malo
2464 4302 2788 4388 dignetur
