3117 5025
986 387 1506 453 Benedictiones
1543 388 2016 469 Episcopales.
2534 389 2658 454 187

432 589 775 674 Quatenus
807 594 1021 678 ipsius
1051 594 1228 679 Agni
1261 615 1453 678 quem
1480 594 1595 658 ille
1626 594 1838 680 digito
1871 594 2187 669 ostendit,
2212 595 2311 657 ita
2341 593 2663 658 virtutum

342 690 521 757 lanis
552 696 808 773 vestiri,
840 703 909 761 et
953 696 1403 761 innocentiam
1446 697 1736 762 valeatis
1780 696 2056 772 imitari,
2088 702 2165 760 ut
2193 696 2257 760 ei
2302 696 2369 758 in
2401 701 2660 760 aeternae

341 797 577 877 patriae
607 797 931 865 felicitate
963 798 1240 885 possitis
1272 798 1572 885 adjungi.
1660 801 1896 865 Amen.

433 896 622 981 Quod
651 900 817 986 ipse.
1555 907 1562 913 ’

420 1079 507 1140 In
532 1079 628 1142 die
653 1086 1033 1163 apostolorum
1059 1087 1227 1145 Petri
1252 1096 1303 1146 et
1330 1086 1536 1147 Pauli.

428 1243 792 1312 Benedicat
835 1268 956 1313 vos
1002 1247 1206 1326 Deus,
1238 1250 1352 1334 qui
1397 1269 1517 1314 vos
1564 1248 1745 1314 beati
1791 1247 1977 1312 Petri
2025 1247 2468 1315 saluberrima
2507 1272 2659 1314 con-

334 1344 628 1412 fessione
658 1348 727 1415 in
760 1351 1228 1417 ecclesiasticae
1257 1352 1413 1417 fidei
1437 1351 1756 1416 fundavit
1786 1350 2149 1416 soliditate.
2239 1353 2473 1416 Amen.

420 1448 514 1514 Et
543 1471 712 1535 quos
742 1454 924 1518 beati
955 1454 1148 1519 Pauli
1192 1454 1623 1520 sanctissima
1650 1453 1972 1527 instruxit
2011 1453 2498 1536 praedicatione,
2533 1476 2656 1519 sua

334 1557 611 1618 tueatur
637 1557 1027 1642 gratissima
1055 1558 1467 1622 defensione.
1556 1559 1794 1623 Amen.

411 1654 755 1739 Quatenus
775 1660 1019 1725 Petrus
1039 1660 1511 1737 clave,Paulus
1533 1679 1857 1736 sermone,
1870 1658 2137 1743 utrique
2156 1658 2656 1736 intercessione,

338 1757 425 1822 ad
454 1759 639 1824 illam
687 1783 809 1827 vos
840 1767 1103 1829 certent
1145 1764 1435 1849 patriam
1482 1762 1927 1839 introducere,
1959 1762 2043 1827 ad
2088 1758 2289 1846 quam
2330 1761 2453 1839 illi,
2486 1762 2660 1828 alter

335 1879 555 1939 eruce,
586 1862 764 1928 alter
791 1864 1044 1950 gladio,
1073 1866 1399 1931 hodierna
1429 1866 1538 1931 die
1570 1885 1958 1950 pervenere.
2047 1868 2284 1929 Amen.

427 1963 611 2047 Quod
645 1966 813 2053 ipse.

418 2131 504 2195 In
533 2134 590 2192 A
597 2137 942 2215 ssumptione
969 2136 1165 2201 Beatae
1189 2137 1424 2197 Μανίου.

422 2296 631 2375 Deus,
652 2299 766 2383 qui
791 2320 913 2385 per
934 2299 1145 2364 beatae
1170 2297 1404 2365 Mariae
1426 2299 1735 2385 Virginis
1759 2303 2024 2384 partum
2050 2319 2265 2384 genus
2287 2299 2647 2365 humanum

331 2400 654 2486 dignatus
701 2405 809 2466 est
854 2401 1205 2479 redimere,
1255 2422 1380 2465 sua
1424 2421 1545 2466 vos
1597 2401 1913 2488 dignetur
1956 2401 2420 2466 benedictione
2475 2403 2653 2468 locu-

326 2503 613 2589 pletare.
702 2507 937 2571 Amen.

419 2605 722 2692 Ejusque
778 2628 1043 2692 semper
1094 2612 1165 2672 et
1207 2608 1455 2693 ubique
1507 2607 1887 2692 patrocinia
1940 2607 2274 2684 sentiatis,
2321 2628 2402 2671 ex
2457 2609 2650 2692 cujus

329 2709 735 2776 intemerato
758 2716 953 2776 utero
979 2717 1322 2776 auctorem
1342 2712 1495 2776 vitae
1517 2711 1896 2797 suscepisse
1916 2732 2036 2775 vos
2056 2711 2342 2776 fideliter
2360 2712 2651 2777 creditis.

326 2816 568 2878 Amen.

416 2917 512 2982 Et
572 2917 682 3002 qui
742 2917 828 2982 ad
890 2916 1039 3000 ejus
1107 2916 1576 2982 celebrandam
1641 2916 2084 2981 festivitatem
2151 2916 2477 2980 hodierna
2542 2917 2648 2981 die

326 3019 594 3084 devotis
625 3020 962 3084 mentibus
994 3019 1427 3095 convenistis,
1453 3017 1903 3103 spiritualium
1936 3018 2331 3104 gaudiorum
2357 3024 2428 3083 et
2457 3025 2647 3084 aeter-

328 3144 569 3186 norum
604 3122 1024 3206 praemiorum
1057 3122 1399 3187 vobiscum
1431 3127 1713 3186 munera
1741 3121 2125 3208 reportetis.
2213 3124 2449 3186 Amen.

420 3224 608 3309 Quod
639 3224 805 3310 ipse.

408 3396 493 3455 1η
521 3394 853 3454 Nativitate
880 3395 1050 3454 beatae
1076 3394 1300 3454 Mariae
1328 3394 1594 3471 viryinis.

420 3560 861 3644 Omnipotens
893 3558 1079 3623 Deus
1111 3578 1235 3622 sua
1265 3578 1385 3622 vos
1424 3556 1742 3643 dignetur
1771 3555 2186 3640 protectione
2233 3555 2642 3633 benedicere,

328 3666 446 3749 qui
474 3665 655 3729 hunc
698 3663 873 3726 diem
903 3683 1024 3748 per
1066 3660 1492 3726 nativitatem
1527 3663 1770 3723 sanctae
1801 3657 2033 3722 Mariae
2065 3656 2225 3722 fecit
2256 3655 2648 3723 clarescere.

329 3775 566 3834 Amen.

416 3872 506 3936 Et
535 3870 648 3955 qui
681 3889 800 3954 per
830 3888 974 3931 eam
1007 3866 1256 3930 Filium
1283 3885 1473 3928 suum
1505 3863 1723 3928 voluit
1751 3861 1958 3938 nasci,
1984 3862 2132 3944 ejus
2163 3862 2643 3926 intercessione

326 3975 413 4039 ab
445 3972 627 4038 omni
657 3991 779 4035 vos
808 3970 1015 4035 faciat
1045 3967 1458 4033 adversitate
1487 3965 1775 4029 defendi.
1864 3966 2099 4028 Amen.

413 4073 602 4161 Quod
630 4074 700 4137 in
744 4071 1057 4158 praesenti
1089 4081 1227 4135 aevo
1274 4070 1420 4151 ejus
1451 4067 1712 4131 meritis
1745 4071 1816 4131 et
1856 4065 2166 4151 precibus
2198 4064 2434 4148 adjuti,
2469 4086 2639 4166 sem--³

323 4179 596 4264 piterna
628 4175 915 4241 valeatis
944 4178 1299 4260 gratanter
1327 4170 1654 4235 felicitate
1684 4168 1959 4254 perfrui.
2051 4170 2287 4232 Amen.

412 4280 601 4365 Quod
632 4279 796 4364 ipse.
