3117 5025
489 384 618 448 344
1257 389 1663 454 Benedictio
1697 390 1759 452 A
1775 389 2020 453 bbatie.

925 734 1155 798 ITEM
1202 732 1327 797 AD
1371 733 1899 799 VELANDAM
1945 732 2347 798 VIDUAM.

576 901 966 981 consolare,
1029 903 1336 982 Domine,
1398 907 1574 971 hanc
1641 906 1967 971 famulam
2027 912 2215 971 tuam
2275 904 2383 969 ill.
2449 899 2807 967 viduitatis

480 1028 756 1072 moerore
788 1009 1241 1086 constrictam,
1279 1011 1456 1074 sicut
1500 1011 1837 1075 consolari
1882 1011 2200 1096 dignatus
2232 1029 2306 1073 es
2355 1008 2801 1091 Saraptenam

488 1110 758 1174 viduam
789 1098 910 1195 per
937 1111 1160 1176 Eliam
1191 1114 1593 1198 prophetam
1619 1137 1637 1190 ;
1683 1115 1972 1179 concede
2018 1115 2080 1178 ei
2111 1112 2445 1198 pudicitiae
2490 1111 2807 1182 fructum,

486 1217 565 1277 ut
618 1214 1045 1298 antiquarum
1111 1237 1244 1279 non
1305 1217 1691 1281 meminerit
1750 1217 2217 1303 voluptatum:
2278 1214 2539 1278 nesciat
2599 1211 2806 1275 etiam

484 1316 828 1382 incentiva
858 1318 1213 1395 desideria,
1245 1325 1320 1383 ut
1370 1319 1497 1385 soli
1529 1312 1665 1384 tibi'
1695 1321 1941 1385 subdat
1983 1319 2327 1405 proprium
2375 1315 2641 1390 collum,
2673 1333 2806 1396 quo

482 1422 702 1505 possit
744 1442 866 1506 pro
914 1421 1258 1487 laboribus
1303 1425 1515 1489 tantis
1567 1425 2062 1510 sexagesimum
2108 1442 2391 1507 granum
2439 1418 2804 1505 percipere,

485 1546 730 1588 munus
761 1525 1160 1590 delectabile
1195 1526 1607 1590 sanctitatis.
1697 1527 1847 1591 Per.

567 1629 743 1695 Alia.

575 1723 782 1799 Deus,
830 1724 1172 1788 castitatis
1224 1729 1490 1788 amator
1535 1730 1606 1789 et
1664 1725 2093 1788 continentiae
2140 1726 2598 1795 conservator,
2648 1739 2803 1802 sup-

481 1826 912 1914 plicationem
945 1831 1245 1889 nostram
1278 1826 1616 1910 benignus
1647 1827 1910 1903 exaudi,
1945 1834 2017 1890 et
2045 1828 2218 1890 hanc
2247 1823 2568 1888 famulam
2613 1827 2802 1886 tuam
2854 1841 2859 1845 ·

476 1929 580 1993 ill.
616 1928 950 2013 propitius
984 1930 1266 2002 intuere,
1295 1935 1373 1992 ut
1402 1950 1546 2012 quae
1571 1950 1693 2013 pro
1727 1930 1968 1993 timore
2003 1937 2118 1993 tuo
2151 1925 2579 1992 continentiae
2610 1924 2801 2009 pudi-

475 2031 704 2096 citiam
729 2031 932 2108 vovit,
960 2037 1076 2095 tuo
1108 2031 1360 2096 auxilio
1394 2037 1853 2108 conservetur,
1880 2038 1957 2096 ut
1982 2032 2475 2116 sexagesimum
2507 2029 2799 2092 fructum

485 2134 911 2199 continentiae
945 2138 1014 2198 et
1044 2134 1253 2199 vitam
1279 2139 1616 2211 aeternam,
1647 2138 1716 2198 te
1748 2133 2105 2220 largiente,
2136 2134 2485 2219 percipiat.
2574 2132 2725 2194 Per.

710 2323 1043 2388 ORATIO
1093 2323 1215 2387 AD
1261 2323 1698 2389 ABBATEM
1745 2323 1930 2388 VEL
1972 2321 2554 2387 ABBATISSAM

1363 2426 1933 2492 FACIENDAM.

564 2615 889 2692 Concede,
936 2636 1339 2700 quaesumus,
1386 2618 1814 2701 omnipotens
1861 2617 2065 2694 Deus¹
2113 2621 2190 2681 ut
2232 2614 2559 2680 famulum
2604 2621 2797 2680 tuum

477 2721 677 2784 illum
706 2720 815 2784 vel
843 2719 1040 2782 illam
1074 2739 1272 2801 quem
1319 2720 1401 2783 ad
1432 2721 1736 2805 regimen
1768 2721 2139 2785 animarum
2185 2719 2534 2804 elegimUS,
2566 2720 2798 2805 gratiae

477 2828 607 2887 tuae
653 2823 824 2886 dono
872 2821 1326 2906 prosequaris,
1374 2825 1449 2884 ut
1496 2829 1562 2885 te
1607 2822 1965 2907 largiente,
2012 2843 2159 2886 cum
2202 2823 2353 2907 ipsa
2399 2822 2524 2885 tibi
2564 2827 2800 2886 nostra

483 2925 814 2989 electione
848 2924 1257 3008 placeamus.
1350 2926 1501 2988 Per.

562 3028 737 3085 Alia.

568 3123 773 3198 Deus,
806 3122 1161 3186 institutor
1191 3130 1604 3200 cunctorum,
1637 3125 1751 3209 qui
1783 3147 1905 3210 per
1936 3127 2219 3210 Moysen
2249 3125 2575 3189 famulum
2606 3130 2795 3189 tuum

481 3227 566 3292 ad
610 3226 1083 3312 gubernandas
1131 3225 1452 3291 ecclesias
1501 3229 1896 3312 praepositos
1943 3228 2345 3304 instituisti3
2394 3228 2517 3292 tibi
2561 3248 2795 3310 preces

483 3329 820 3415 supplices
880 3329 1244 3405 fundimus,
1298 3334 1497 3414 teque
1560 3331 1822 3395 devotis
1881 3332 2222 3395 mentibus
2284 3352 2660 3406 exoramus,
2721 3338 2798 3392 ut

480 3437 656 3498 hunc
705 3432 1030 3497 famulum
1082 3440 1271 3496 tuum
1315 3435 1516 3498 illum
1565 3456 1760 3518 quem
1815 3437 1964 3519 (vel
2006 3438 2180 3500 hanc
2233 3435 2556 3499 famulam
2606 3441 2793 3498 tuam

480 3538 681 3601 illam
728 3536 958 3620 quam)
1005 3537 1201 3599 hodie
1250 3536 1491 3600 electio
1537 3537 1940 3602 famulorum
1982 3546 2245 3601 tuorum
2297 3539 2609 3602 abbatem
2649 3537 2797 3619 (vel

475 3639 879 3705 famularum
912 3645 1181 3703 tuarum
1229 3640 1675 3725 abbatissam)
1708 3642 1930 3705 ovium
1963 3649 2231 3705 tuarum
2279 3663 2427 3705 esse
2474 3639 2791 3716 instituit,

473 3745 839 3808 clementer
881 3743 1247 3826 respicias3
1297 3744 1574 3829 pietatis
1604 3749 1735 3807 tuae
1769 3745 2228 3808 misericordia
2271 3744 2617 3819 illustres;
2666 3742 2791 3806 sic-

476 3867 604 3931 que
629 3852 823 3930 regat
849 3846 1173 3923 subditos,
1195 3848 1389 3930 quasi
1415 3849 1914 3913 commendatos
1935 3869 2064 3910 non
2087 3847 2414 3932 proprios,
2437 3854 2787 3929 quatenus,

477 3954 545 4012 te
593 3946 990 4030 opitulante,
1024 3950 1416 4032 apostolicis
1453 3951 1714 4035 jugiter
1761 3951 2088 4015 doctrinis
2133 3950 2360 4025 fultos,
2397 3948 2594 4012 simul
2642 3969 2789 4011 cum

475 4050 644 4137 ipsis
705 4051 898 4114 laetus
959 4052 1107 4135 (vel
1168 4053 1348 4138 laet-a)
1412 4060 1641 4138 portas
1701 4056 2001 4138 paradisi
2062 4055 2374 4129 introeat,
2434 4058 2660 4135 atque,
2724 4057 2789 4114 te

477 4156 788 4230 donante,
838 4163 1176 4219 mereatur
1222 4158 1474 4233 audire,
1524 4157 1733 4242 Euge,
1781 4161 1951 4222 bone
2001 4178 2190 4221 serve
2240 4161 2309 4220 et
2351 4155 2589 4230 fidelis,
2632 4155 2790 4237 quia

478 4276 679 4340 super
724 4278 941 4341 pauca
984 4258 1174 4322 fuisti
1221 4259 1458 4337 fidelis,
1493 4281 1697 4345 supra
1743 4260 1957 4324 multa
2003 4267 2070 4323 te
2118 4258 2562 4333 constituam;
2611 4256 2791 4319 intra

475 4357 543 4419 in
575 4359 892 4442 gaudium
926 4362 1172 4424 domini
1206 4363 1323 4426 tui.
1418 4364 1605 4446 Quod
1636 4364 1779 4448 ipse
1810 4364 1928 4427 &c.

3052 1636 3055 1769 ψ
