3117 5025
477 403 599 465 194
852 403 1256 467 Benedictio
1287 402 1509 478 Salia,
1540 404 1788 485 Aquoe,
1826 401 2093 465 cineris
2124 408 2189 462 et
2233 398 2416 461 Vini.

600 813 1152 881 BENEDIGTIO
1198 815 1472 892 SALIS,
1520 815 1816 900 AQUAE,
1862 811 2235 879 CINERIS
2279 811 2394 876 ET
2439 812 2668 877 VINI.

481 1067 490 1075 -
573 1021 977 1087 Benedictio
1009 1023 1187 1087 salis
1215 1025 1473 1087 dicem.

581 1124 898 1188 Exercizo
928 1131 1019 1203 te,
1051 1130 1360 1191 creatura
1393 1125 1581 1202 salis,
1606 1145 1730 1209 per
1758 1124 2055 1208 Defflum
2087 1124 2335 1199 vivum,
2360 1142 2483 1207 per
2509 1121 2807 1208 Defflum

485 1249 740 1305 verum,
770 1249 895 1312 per
921 1229 1220 1315 Defflum
1256 1234 1588 1304 sanctum,
1618 1249 1741 1314 per
1768 1227 2066 1313 Defflum
2098 1227 2211 1311 qui
2242 1231 2313 1290 te
2352 1247 2474 1311 per
2503 1226 2806 1289 Eliseum

486 1331 885 1415 prophetam
917 1330 986 1394 in
1019 1352 1263 1415 aquam
1292 1332 1472 1396 mitti
1498 1330 1712 1415 jussit
1740 1336 1821 1396 ut
1850 1334 2210 1395 sanaretur
2239 1329 2566 1393 sterilitas
2595 1350 2806 1411 aquae,

489 1441 566 1498 ut
626 1434 935 1498 efficiaris
996 1434 1099 1498 sal
1159 1435 1580 1499 exorcizatus
1642 1435 1713 1497 in
1767 1434 2055 1499 salutem
2104 1432 2538 1508 credentium,
2587 1438 2660 1496 et
2710 1430 2808 1494 sis

480 1536 793 1601 omnibus
819 1542 890 1601 te
938 1539 1357 1603 sumentibus
1388 1537 1648 1602 sanitas
1693 1537 1927 1601 animae
1958 1543 2029 1601 et
2068 1536 2388 1621 eorporis,
2420 1539 2492 1598 et
2520 1535 2807 1619 effugiat

477 1646 679 1724 atque
702 1640 1006 1705 discedat
1027 1642 1113 1705 ab
1132 1661 1212 1704 eo
1236 1640 1405 1717 loce,
1426 1661 1556 1724 quo
1580 1660 1902 1724 aspersus
1922 1639 2157 1716 fueris,
2178 1639 2395 1703 omnis
2418 1638 2799 1722 phantasia,

484 1747 559 1807 et
600 1742 904 1826 nequitia
945 1743 1051 1806 vel
1096 1744 1403 1809 versutia
1443 1742 1788 1807 diabolicae
1830 1743 2112 1820 fraudis,
2143 1741 2493 1824 omnisque
2531 1740 2814 1825 spiritus

483 1844 882 1921 immundae,
917 1845 1272 1930 adjuratus
1301 1866 1424 1930 per
1452 1865 1605 1909 eum
1637 1846 1751 1929 qui
1781 1850 2110 1911 venturus
2140 1849 2249 1909 est
2268 1843 2573 1928 judicare
2616 1843 2809 1907 vivos
2902 1912 2909 1916 ,

483 1953 554 2012 et
583 1952 886 2011 mortuos
917 1952 990 2012 et
1019 1948 1329 2013 saeculum
1361 1968 1483 2033 per
1511 1949 1758 2034 ignem.
1851 1950 2086 2027 Amen.

576 2048 881 2113 Oremus.

594 2153 997 2219 Immensam
1058 2156 1485 2222 elementiam
1543 2163 1755 2233 tuam,
1810 2157 2232 2239 omnipotens
2291 2159 2536 2219 aeterne
2594 2154 2805 2230 Deus,

487 2256 837 2322 humiliter
864 2257 1323 2342 imploramus,
1348 2264 1427 2325 ut
1448 2259 1625 2324 hanc
1653 2263 2033 2324 creaturam
2067 2257 2256 2334 salis,
2279 2279 2480 2342 quam
2512 2258 2580 2320 in
2611 2277 2808 2321 usum

487 2361 722 2448 generi
772 2363 1067 2427 humano
1120 2364 1441 2441 tribuisti,
1492 2364 1966 2450 beneffidicere
2019 2368 2087 2428 et
2143 2360 2645 2440 sanctifi-ficare
2693 2367 2818 2426 tua

488 2466 742 2552 pietate
789 2466 1112 2553 digneris,
1142 2471 1223 2533 ut
1268 2467 1360 2534 sit
1403 2468 1710 2533 omnibus
1756 2466 2177 2532 sumentibus
2223 2466 2407 2532 salus
2451 2464 2696 2530 mentis
2742 2471 2815 2531 et

486 2571 820 2654 eorporis;
879 2575 951 2635 et
1008 2572 1327 2656 quicquid
1387 2592 1470 2636 ex
1524 2593 1605 2636 eo
1663 2576 1918 2636 tactum
1971 2570 2078 2634 vel
2138 2591 2517 2655 respersum
2575 2570 2807 2645 fuerit,

487 2679 718 2739 careat
776 2674 955 2739 omui
1014 2675 1454 2740 immunditia·
1500 2676 1811 2759 omnique
1867 2675 2370 2761 impugnatione
2432 2673 2811 2759 spiritualis

489 2778 824 2860 nequitiae.
915 2778 1047 2842 Per
1077 2776 1423 2844 Christum
1454 2778 1834 2843 Dominum.

573 2879 982 2944 Benedictio
1015 2882 1338 2944 cinerum.

572 2980 904 3047 Dominus
934 2982 1302 3046 vobiscum.

575 3073 1018 3169 Omnipotens
1044 3086 1453 3171 sempiterne
1476 3085 1686 3162 Deus,
1710 3105 1911 3170 parce
1933 3086 2415 3161 metuentibus,
2441 3086 2810 3170 propitiare

486 3187 923 3273 supplicibus,
972 3193 1045 3254 et
1089 3190 1363 3254 mittere
1416 3188 1699 3273 dignare
1753 3195 2059 3253 sanctum
2113 3188 2429 3273 angelum
2485 3194 2674 3252 tuum
2728 3191 2812 3252 de

485 3292 692 3368 coelis,
739 3293 853 3377 qui
899 3293 1339 3382 beneffidicat
1382 3297 1453 3357 et
1499 3292 1961 3379 sanetiffificet
2003 3292 2264 3356 cineres
2308 3292 2501 3370 istos,
2552 3298 2629 3357 ut
2675 3294 2818 3359 sint

483 3396 848 3461 remedium
883 3396 1155 3461 salubre
1188 3396 1498 3461 omnibus
1542 3416 1786 3459 nomen
1816 3400 2006 3460 tuum
2052 3395 2401 3460 humiliter
2442 3395 2816 3462 invocanti—

481 3501 628 3576 bus,
705 3521 784 3564 ac
861 3498 1268 3583 semetipsos
1357 3519 1480 3583 pro
1556 3498 1975 3563 conscientia
2059 3498 2460 3563 delictorum
2537 3519 2811 3564 suorum

482 3604 983 3680 accusantibus,
1032 3608 1236 3685 atque
1278 3602 1346 3665 in
1394 3605 1763 3687 conspectu
1807 3601 2050 3666 divinae
2096 3600 2469 3666 clementiae
2512 3603 2816 3670 facinora

473 3728 599 3773 sua
620 3707 1153 3791 deplorantibus,
1183 3705 1284 3770 vel
1313 3705 1814 3770 serenissimam
1838 3705 2160 3789 pietatem
2187 3711 2374 3771 tuam
2408 3706 2809 3790 simpliciter

483 3810 857 3893 obnixeque
925 3809 1396 3894 flagitantibus
1428 3831 1446 3884 3
1516 3813 1785 3893 praesta,
1854 3827 2255 3891 quaesumus,
2321 3807 2630 3886 Domine,
2693 3833 2817 3895 per

478 3911 973 3977 invocationem
1007 3909 1224 3975 sancti
1270 3910 1562 3974 nominis
1594 3911 1715 3988 tui,
1748 3915 1828 3975 ut
1863 3911 1981 3975 isti
2028 3911 2288 3975 cineres
2320 3915 2697 3978 consecrati
2726 3915 2812 3980 ad

477 4014 1047 4080 consecrationem
1081 4014 1319 4078 harum
1354 4035 1853 4098 campanarum,
1878 4014 2083 4097 hujus
2114 4014 2429 4092 ecclesiae,
2462 4020 2535 4080 et
2564 4015 2808 4086 altaris

472 4119 614 4182 sive
661 4116 1004 4193 altarium,
1036 4116 1397 4181 coemeterii
1442 4116 1585 4181 sive
1627 4116 2176 4194 coemeteriorum,
2207 4122 2279 4181 et
2321 4118 2408 4182 ad
2452 4120 2802 4184 reconcili-

471 4222 766 4288 ationem
798 4219 1160 4285 eorundem
1186 4240 1452 4303 semper
1480 4211 1856 4303 proficiant.
1949 4220 2080 4283 Per
2103 4217 2461 4284 Dominum
2497 4227 2806 4288 nostrum

471 4324 510 4390 J
518 4345 705 4389 esum
743 4322 1109 4387 Christum.
