3117 5025
739 367 1243 456 Reconciliatio
1272 364 1607 429 Eccleeiae
1636 364 1744 429 vel
1779 363 2178 430 Goemoterii.
2528 362 2615 425 93

299 593 2625 674 Q

391 727 490 791 Ut
524 727 791 792 eccle-si
821 765 850 778 ·-
880 749 989 793 am
1030 728 1229 792 istam
1259 727 1408 812 (vel
1429 727 1822 791 coeme·te-ri
1850 762 1880 776 -
1911 747 2020 789 um
2066 724 2275 810 istud)
2306 721 2631 788 re·conci-

302 1004 351 1068 li
381 1042 410 1054 -
439 1027 482 1070 a
511 1044 538 1055 -
570 1026 642 1070 re
700 1007 1048 1092 digne-ris,
1182 1037 1187 1042 ·

395 1297 491 1360 Te
521 1317 860 1389 rogamus,

305 1441 2626 1507 Wa—H-

395 1590 492 1655 Ut
522 1591 792 1656 eccle-si
813 1630 838 1641 -
863 1614 971 1656 am
1016 1594 1220 1657 istam
1250 1594 1398 1677 (vel
1443 1591 1837 1656 coeme-te-ri
1868 1628 1895 1642 -
1926 1612 2037 1654 um
2068 1591 2277 1676 istud)
2314 1593 2638 1655 re-conci-

303 1736 1463 1856 ''k—Q

307 1880 360 1944 li
395 1919 422 1931 -
453 1902 496 1945 a
524 1917 553 1930 -
583 1903 678 1959 re,
713 1884 1064 1949 munda-re
1095 1886 1446 1971 digne-ris,

304 2013 896 2130 Ξ

402 2157 498 2220 Τ6
527 2179 865 2244 rogamus.

304 2303 2638 2390 Μ

397 2449 494 2516 Ut
538 2452 806 2518 eccle-si
835 2491 864 2504 -
895 2476 1004 2520 am
1049 2456 1250 2520 istam
1278 2456 1427 2541 (vel
1471 2455 1929 2520 coeme-te-ri'·
1967 2475 2080 2518 um
2125 2454 2334 2541 istud)
2377 2478 2636 2523 re-con-

306 2602 2413 2719 ΖΞ

309 2744 375 2808 ci
395 2742 759 2825 ·li-1⁴a-re‚
804 2745 1214 2824 munda-Fre,
1248 2752 1317 2811 et
1365 2740 1913 2815 sanctifflfi-ca-re
1954 2747 2303 2833 digne-ris·

394 2847 644 2907 Interim
663 2859 985 2928 prosternat
1010 2872 1065 2909 se
1104 2837 1411 2929 episcopus,
1443 2858 1494 2908 et
1532 2859 1781 2909 cantores
1805 2859 2129 2927 percantent
2157 2852 2428 2911 litaniam
2463 2875 2635 2932 usque

308 2944 380 3003 in
392 2947 593 3021 finem.
677 2947 806 3019 Qua
820 2948 1019 3024 finita,
1048 2956 1244 3024 surqat
1269 2947 1575 3024 episcopus,
1603 2946 1815 3004 ibidem
1840 2946 2093 3024 deposita
2118 2949 2313 3023 mitra,
2341 2959 2392 3009 et
2417 2951 2592 3010 dicat.

407 3044 712 3106 Oremus.

401 3144 777 3209 Diaconus.
863 3144 1247 3208 Flectamus
1281 3164 1521 3229 genua.
1610 3143 1886 3208 Levate.

413 3245 621 3324 Deus,
681 3248 795 3332 qui
855 3248 1112 3333 peccati
1174 3247 1425 3310 veteris
1491 3247 1949 3310 haereditatem
2008 3250 2312 3324 mortem,
2371 3248 2440 3312 in
2502 3272 2636 3334 qua

316 3351 740 3436 posteritatis
781 3372 994 3436 genus
1026 3371 1219 3414 omne
1266 3356 1703 3426 successerat,
1737 3348 1993 3413 Christi
2033 3350 2189 3413 Filii
2232 3352 2333 3415 tui
2364 3352 2633 3418 Domini

318 3454 537 3518 nostri
568 3454 877 3539 passione
909 3453 1195 3530 solvisti,
1227 3453 1401 3518 dona
1430 3452 1784 3537 propitius,
1814 3457 1888 3516 ut
1935 3453 2308 3518 conformes
2337 3457 2636 3539 ejusdem

313 3556 501 3634 facti,
563 3558 737 3621 sicut
801 3557 1163 3642 imaginem
1227 3555 1481 3620 terreni
1546 3556 1849 3640 parentis
1914 3561 2169 3619 naturae
2234 3559 2638 3624 necessitate

319 3662 756 3748 portavimus,
788 3662 886 3725 ita
913 3661 1271 3745 imaginem
1319 3658 1610 3722 coelestis
1637 3658 1874 3743 gratiae
1922 3660 2444 3727 sanctificatione
2486 3686 2637 3748 por·

318 3772 541 3831 temus
602 3764 902 3849 ejusdem
956 3762 1209 3828 Christi
1267 3761 1536 3826 Domini
1595 3761 1830 3839 nostri,
1884 3762 2000 3844 qui
2059 3769 2277 3829 tecum
2338 3767 2506 3832 vivit
2565 3776 2636 3833 et

315 3875 582 3956 regnat.

397 3976 603 4033 Postea
629 3972 786 4030 dicat
810 3971 1097 4049 episcopus
1124 3977 1225 4041 ter,
1257 3968 1359 4027 hoc
1380 3967 1564 4028 modo·

315 4092 2159 4210 Q
1148 4094 2139 4208 .—

404 4247 506 4311 De
543 4284 565 4297 ·
597 4265 700 4322 us,
734 4243 803 4306 in
833 4239 1186 4326 adju-to-ri
1219 4276 1245 4288 -
1277 4259 1388 4302 um
1420 4259 1525 4302 me
1557 4276 1585 4288 -
1617 4259 1727 4301 um
1760 4238 2052 4304 intende.
