3117 5025
1053 383 1461 451 Benedictio
1499 387 1893 470 Campanoe.
2503 400 2631 463 133

910 787 1476 858 BENEDIOTIO
1511 791 2002 866 OAMPANAE.

366 987 471 1044 Ad
494 988 738 1064 siquum,
767 991 836 1048 id
860 1000 953 1064 est,
983 1013 1349 1070 campanam,
1376 995 1614 1055 ecclesiae
1644 998 2092 1075 benedicendam,
2104 1005 2367 1083 primum
2395 1009 2617 1073 litaniae

278 1090 550 1157 ayantur,
581 1093 630 1143 et
646 1095 1068 1163 prosequantur
1094 1110 1266 1166 usque
1305 1091 1385 1148 ad
1421 1112 1642 1150 versum
1678 1094 1782 1171 qui
1798 1116 1909 1174 pro
1935 1096 2134 1159 domin
2202 1103 2455 1184 episcopo
2480 1127 2614 1168 can-

277 1181 456 1237 tatur.
550 1178 714 1238 Tunc
740 1180 897 1239 dicat
923 1182 1229 1259 episcopus.

372 1272 472 1337 Ut
503 1295 897 1360 campanam
932 1277 1132 1342 istam
1166 1280 1639 1363 beneffidicere
1671 1282 1987 1369 digneris.

276 1382 344 1431 ut
370 1396 566 1452 supra,
598 1377 665 1435 in
696 1377 1121 1439 Consecratione
1146 1382 1377 1440 Altaris
1405 1382 1683 1460 Major-is.

361 1470 590 1530 Deinde
615 1472 866 1550 incipiat
892 1475 1181 1552 episcopus
1207 1484 1291 1534 ter

364 1564 570 1642 Deus,
602 1567 671 1628 in
703 1566 1110 1650 adjutorium
1142 1591 1361 1633 meum
1394 1569 1690 1637 intende.

268 1686 424 1729 cum
456 1666 689 1732 Gloria
719 1669 907 1733 Patri
942 1673 1199 1753 absque
1231 1671 1571 1757 Alleluya,
1590 1677 1929 1757 flectendo
1954 1701 2200 1764 yenua.

360 1766 643 1846 Sequatur
668 1772 1005 1829 exorcismus
1043 1773 1184 1831 salis
1212 1782 1263 1832 et
1290 1794 1475 1851 aquoe,
1504 1784 1568 1833 ut
1593 1797 1769 1856 supra
1810 1780 1876 1839 in
1917 1781 2342 1846 consecratione
2368 1788 2602 1850 Altaris

268 1863 523 1940 Major-is
551 1885 679 1922 cum
708 1864 990 1923 Ecclesia.

355 1955 586 2016 Deinde
614 1978 766 2035 aqua
807 1959 1092 2017 benedicta
1133 1972 1391 2038 asperyat
1419 1965 1707 2044 episcopus
1746 1968 1943 2045 septies
1981 1990 2341 2050 campanam,
2371 1978 2457 2036 vel
2495 1987 2595 2051 ter,

257 2071 395 2109 cum
422 2052 653 2129 hyssopo
681 2054 748 2110 in
787 2054 1035 2112 circuitu
1074 2062 1126 2112 et
1166 2055 1418 2135 desuper,
1452 2061 1704 2119 canendo
1743 2062 1985 2138 sinqulis
2012 2065 2226 2125 vicibus
2265 2070 2411 2132 hanc
2438 2075 2590 2132 anti·

260 2147 539 2225 phonam.

356 2246 703 2328 Asperges
732 2266 861 2309 me.

355 2346 475 2409 Ps.
565 2347 892 2412 Miserere
923 2348 1053 2413 mei
1086 2347 1295 2414 Deus.

350 2447 436 2506 Et
466 2449 685 2508 lavetur
708 2451 899 2528 primo
927 2453 1055 2510 bene
1082 2453 1238 2509 intus
1266 2461 1316 2512 et
1342 2462 1519 2515 extra.

344 2542 475 2602 Hoc
485 2543 667 2619 facto,
698 2554 964 2623 sequatur
990 2547 1175 2605 oratio
1204 2547 1282 2605 ad
1309 2569 1670 2628 campanam.

389 2639 782 2727 Beneffidic,
851 2639 1157 2718 Domine,
1226 2643 1354 2707 hoc
1428 2645 1955 2712 tintinnabulum
2028 2652 2276 2718 coelesti
2346 2658 2594 2746 ben‹›1‹

261 2741 578 2817 dictione,
610 2747 682 2805 et
710 2742 995 2806 assistat
1037 2763 1239 2828 super
1267 2744 1435 2809 illud
1466 2747 1685 2812 virtus
1734 2749 2028 2834 Spiritus
2058 2754 2304 2834 Sancti,
2338 2766 2415 2823 ut
2444 2784 2591 2827 eum

259 2845 391 2908 hoc
421 2844 768 2908 vasculum
802 2844 886 2908 ad
931 2845 1315 2910 invitandos
1355 2847 1533 2912 filios
1576 2851 1869 2916 ecclesiae
1913 2864 2342 2937 personatum
2391 2863 2599 2933 fuerit

261 2946 374 3009 vel
420 2946 746 3022 auditum,
776 2947 1156 3031 ubicunque
1205 2951 1506 3015 sonuerit
1550 2952 1698 3035 ejus
1743 2956 2048 3034 tinnitus,
2083 2959 2280 3047 longe
2324 2970 2594 3037 recedat

260 3049 485 3113 virtus
529 3049 969 3125 inimicorum,
1001 3051 1238 3115 umbra
1282 3054 1847 3136 phantasmatum,
1891 3058 2182 3127 incursio
2228 3069 2590 3151 turbinum,

261 3152 611 3235 percussio
641 3152 1020 3228 fulminum,
1054 3151 1237 3216 laesio
1270 3155 1663 3234 tonitruum,
1694 3159 2043 3226 calamitas
2087 3171 2586 3253 tempestatum,

262 3255 613 3337 omnisque
648 3254 927 3339 spiritus
962 3255 1445 3338 procellarum3
1493 3265 1564 3322 et
1595 3282 1740 3324 cum
1773 3262 2151 3348 clangorem
2184 3269 2371 3335 illius
2403 3277 2588 3339 audi-

256 3358 439 3421 erint
468 3358 588 3419 filii
625 3356 1187 3441 Christianorum,
1215 3366 1477 3424 crescat
1506 3361 1572 3424 in
1609 3363 1707 3426 eis
1738 3365 2114 3432 devotionis
2139 3384 2592 3457 augmentum,

255 3466 335 3525 ut
364 3461 772 3525 festinantes
821 3461 905 3525 ad
950 3462 1074 3546 piae
1122 3464 1365 3527 matris
1397 3466 1749 3548 gremium,
1784 3476 2060 3534 cantent
2102 3473 2224 3536 tibi
2259 3480 2588 3548 canticum

251 3585 498 3628 novum
545 3564 613 3627 in
661 3563 948 3628 ecclesia
995 3561 1399 3643 sanctorum,
1448 3567 1828 3633 deferentes
1880 3571 1948 3633 in
1998 3592 2158 3637 sono
2205 3579 2378 3643 tubae
2423 3604 2584 3666 prae-

247 3666 535 3742 conium,
597 3664 1123 3729 modulationem
1201 3687 1323 3751 per
1396 3668 1815 3752 psalterium,
1881 3673 2394 3745 exsultationem
2463 3708 2586 3770 per

251 3788 604 3852 organum,
651 3766 1055 3831 suavitatem
1101 3788 1223 3851 per
1268 3773 1680 3853 tympanum,
1718 3775 2199 3857 jocunditatem
2246 3806 2368 3868 per
2412 3809 2588 3873 cym-

246 3871 500 3946 balum,
548 3875 882 3952 quatenus
934 3869 1188 3933 imitari
1244 3870 1520 3936 valeant
1567 3874 1634 3936 in
1688 3876 1938 3961 templo
1990 3889 2221 3946 sancto
2275 3893 2392 3951 tuo
2445 3893 2585 3956 suis

246 3973 589 4058 obsequiis
637 3978 708 4036 et
752 3973 1066 4058 precibus
1117 3974 1481 4039 exercitum
1533 3978 1946 4062 angelorum.
2037 3984 2166 4048 Per
2209 3987 2566 4059 Dominum

238 4076 320 4141 In
355 4077 617 4140 unitate
651 4074 971 4157 ejusdem.

317 4177 459 4235 Post
486 4178 617 4248 haec,
648 4184 945 4234 cantentur
972 4176 1037 4233 hi
1062 4198 1152 4234 sex
1172 4179 1407 4255 psalmi.

318 4272 575 4348 Lauda,
607 4271 836 4337 anima
868 4294 1038 4348 mea,
1071 4271 1454 4337 Dominum.
2223 4288 2339 4366 [Pa
2372 4293 2538 4358 cxlv.
