3117 5025
542 435 671 500 336
1229 436 1773 519 ‚Benedictiones
1805 437 2132 502 Divereoe.

1233 815 1787 881 BENEDICTIO
1835 816 2128 882 PANIS.

623 1005 952 1070 Benedico
997 1011 1089 1082 te,
1138 1010 1453 1071 creatura
1496 1005 1716 1089 panis,
1761 1004 1828 1069 in
1875 1005 2142 1070 nomine
2187 1005 2414 1070 Patris
2460 1010 2529 1070 et
2582 1004 2736 1069 Filii
2784 1010 2857 1070 et

532 1104 826 1193 Spiritus
880 1107 1111 1172 Sancti
1158 1129 1277 1193 per
1331 1107 1656 1173 virtutem
1713 1106 2072 1172 Dominicae
2118 1107 2456 1194 passionis
2506 1112 2576 1173 et
2626 1129 2853 1172 resur-

528 1210 848 1275 rectionis
896 1232 938 1275 a
970 1211 1272 1287 mortuis,
1307 1215 1383 1275 ut
1428 1209 1853 1276 sanctificata
1896 1214 2103 1276 verbo
2149 1211 2277 1276 Dei
2323 1211 2850 1276 benedictionem

533 1334 842 1379 assumas
902 1314 1226 1379 adversus
1280 1334 1512 1378 omnes
1568 1313 1911 1398 nequitias
1973 1314 2320 1399 spiritales
2375 1320 2447 1379 et
2497 1313 2853 1380 universas

537 1417 946 1484 valitudines
1009 1417 1569 1501 infirmitatesque
1636 1417 2108 1494 membrorum,
2171 1422 2249 1483 ut
2313 1416 2714 1502 quicumque
2783 1423 2853 1481 te

532 1520 962 1606 sumpserint,
995 1521 1090 1585 sis
1122 1520 1221 1585 eis
1265 1520 1336 1583 in
1367 1520 1652 1585 tutelam
1685 1519 1931 1584 mentis
1962 1526 2034 1587 et
2077 1521 2397 1605 corporis,
2431 1520 2500 1583 in
2531 1521 2850 1586 honorem

530 1623 797 1688 Domini
856 1623 1072 1689 nostri
1122 1622 1291 1688 Jesu
1351 1621 1623 1698 Christi,
1679 1623 1794 1706 qui
1857 1630 1962 1686 est
2014 1622 2414 1689 benedictus
2473 1623 2545 1687 in
2606 1624 2851 1687 saecula

531 1725 943 1791 saeculorum.
1032 1727 1268 1790 Amen.

620 1827 790 1886 Alia.

618 1923 924 2000 Benedic,
954 1922 1263 1999 Domine,
1294 1924 1466 1987 hanc
1498 1927 1877 1988 creaturam
1921 1943 2162 1989 novam
2195 1924 2412 2007 panis,
2448 1924 2622 1989 sicut
2651 1926 2855 1989 bene-

527 2026 757 2091 dixisti
790 2027 1081 2112 quinque
1129 2046 1344 2112 panes
1386 2027 1456 2090 in
1502 2027 1774 2093 deserto
1821 2027 2115 2111 quinque
2162 2026 2462 2091 millibus
2506 2027 2852 2092 hominum

531 2130 939 2206 saturandis,
1001 2135 1078 2194 ut
1138 2129 1228 2194 sit
1287 2130 1575 2194 dominis
1635 2131 1938 2214 ejusdem
2003 2130 2356 2196 abundans
2422 2131 2491 2193 in
2550 2153 2850 2195 annuum

529 2231 942 2310 alimentum,
975 2236 1466 2318 gustantesque
1515 2254 1596 2297 ex
1647 2255 1727 2297 eo
1759 2233 2091 2319 accipiant
2132 2239 2272 2298 tam
2319 2231 2619 2318 corporis
2650 2255 2852 2318 quam

530 2336 765 2400 animae
799 2336 1182 2401 sanitatem.
1272 2336 1396 2419 Qui
1429 2335 1604 2400 vivis
1638 2340 1709 2400 et
1739 2356 1984 2421 regnas
2015 2357 2162 2400 cum
2195 2335 2340 2400 Deo
2372 2336 2596 2400 Patre.

1138 2572 1693 2639 BENEDICTIO
1736 2572 2213 2638 POMORUM.

616 2763 713 2829 Te
786 2763 1241 2849 deprecamur,
1319 2761 1747 2847 omnipotens
1814 2760 2018 2837 Deus,
2090 2766 2167 2826 ut
2240 2762 2599 2828 benedicas
2671 2764 2848 2828 hunc

526 2868 821 2932 fructum
851 2888 1096 2931 novum
1126 2887 1498 2951 pomorum,
1524 2871 1600 2930 ut
1629 2865 1743 2949 qui
1765 2884 1885 2929 esu
1918 2864 2289 2929 interdictae
2318 2867 2579 2931 arboris
2611 2866 2842 2932 letalis

524 2970 701 3053 pomi
732 2970 802 3033 in
848 2974 1326 3054 protoparente
1364 2968 1539 3052 justi
1586 2966 1841 3031 funeris
1889 2968 2232 3033 sententia
2276 2968 2549 3034 multati
2584 2990 2832 3046 sumus,

525 3093 645 3157 per
688 3071 1215 3136 illustrationem
1241 3072 1421 3136 unici
1454 3071 1614 3136 Filii
1643 3071 1744 3135 tui
1777 3070 2268 3155 Redemptoris,
2299 3071 2427 3136 Dei
2459 3095 2537 3138 ac
2568 3071 2834 3136 Domini

525 3176 745 3240 nostri
774 3174 818 3240 J
823 3196 940 3239 esu
973 3174 1250 3252 Christi,
1284 3182 1354 3240 et
1400 3175 1690 3259 Spiritus
1738 3175 1965 3239 Sancti
2009 3175 2560 3252 benedictionem,
2595 3176 2839 3240 sancti-

523 3281 724 3346 ficata
766 3279 989 3344 omnia
1018 3283 1220 3363 atque
1269 3278 1639 3354 benedicta,
1671 3278 1972 3364 depulsis
2016 3284 2220 3363 atque
2267 3280 2552 3363 abjectis
2592 3280 2844 3345 vetusti

525 3384 741 3448 hostis
786 3388 988 3466 atque
1030 3382 1231 3467 primi
1271 3381 1590 3446 facinoris
1637 3381 2006 3446 incentoris
2050 3382 2336 3459 insidiis,
2368 3381 2731 3447 salubriter
2760 3405 2843 3448 ex

523 3488 727 3571 hujus
780 3486 912 3548 diei
960 3484 1425 3549 anniversaria
1478 3482 1934 3568 sollemnitate
1980 3485 2268 3550 diversis
2318 3490 2513 3550 terrae
2566 3485 2839 3551 edendis

524 3589 936 3675 germinibus
966 3587 1291 3652 fruamur.
1383 3586 1528 3650 Per.

815 3826 1366 3893 BENEDIC'I'IO
1412 3827 1864 3893 POMORUM
1910 3829 2026 3892 ET
2072 3828 2539 3895 NUCLEUM.

610 4034 985 4110 Sanctifica,
1035 4033 1342 4105 Domine,
1391 4057 1593 4120 poma
1646 4041 1718 4099 et
1770 4057 1976 4100 nuces
2028 4036 2440 4120 nucleosque
2490 4043 2563 4102 et
2611 4058 2840 4101 omnes

520 4140 784 4203 fructus
814 4143 955 4202 tam
1002 4137 1316 4201 arborum
1347 4159 1548 4222 quam
1595 4138 1977 4217 herbarum,
2013 4140 2126 4223 qui
2158 4146 2278 4204 tuo
2325 4140 2604 4225 imperio
2640 4163 2833 4205 usum

522 4243 832 4307 omnibus
864 4240 1318 4305 animantibus
1365 4230 1686 4326 praebent,
1719 4263 1840 4326 per
1868 4248 1960 4319 te,
1996 4242 2266 4307 Christe
2297 4241 2341 4307 J
2345 4263 2489 4320 esu,
2521 4243 2846 4327 quivivis

521 4350 589 4408 et
619 4365 864 4429 regnas
897 4343 966 4406 in
1000 4343 1247 4408 saecula
1278 4343 1691 4407 saeculorum.

3050 1144 3055 1339 4
