3117 5025
547 436 676 500 390
765 437 866 499 De
905 435 1260 499 Coloribus
1315 435 1877 500 Vestimentorum
1908 437 1983 497 in
2015 435 2204 500 Eccl.
2240 435 2637 498 Emoniemi.

685 612 787 675 De
816 611 1034 674 viridi
1065 609 1290 674 colore

638 713 900 778 Viridis
945 713 1130 778 color
1160 712 1447 777 mundus
1492 718 1598 778 est
1644 714 1714 777 et
1743 713 1894 778 visu
1932 714 2266 797 jocundus
2298 721 2498 798 atque
2529 710 2874 777 conforta-

555 804 560 808 ⁴
742 819 946 883 tivus.
983 803 987 807 ’
1035 816 1186 883 Illis
1246 817 1455 903 igitur
1513 818 1928 902 temporibus
1989 820 2323 904 congruit,
2387 818 2630 902 quibus
2689 815 2870 878 fides

752 922 1244 988 Incarnationi's
1276 926 1346 987 et
1375 922 1678 988 infantiae
1714 922 2088 989 Salvatoris
2118 946 2377 989 necnon
2408 924 2574 987 fides
2610 924 2880 987 Sanctae

751 1027 1110 1093 Trinitatis
1154 1027 1495 1104 recolitur,
1527 1029 1689 1113 quia
1709 1028 1943 1112 justus
1989 1034 2058 1094 et
2087 1031 2216 1094 fide
2261 1030 2449 1106 vivit,
2483 1034 2550 1093 et
2592 1026 2879 1091 virescit

751 1133 1026 1217 pariter,
1060 1138 1131 1197 et
1160 1137 1493 1219 resurget.
1587 1133 1769 1208 Iden,

644 1239 722 1303 In
784 1238 1091 1301 omnibus
1153 1236 1520 1301 Dominicis
1581 1244 1653 1303 et
1710 1238 1928 1303 Feriis
1988 1239 2074 1304 ab
2137 1238 2411 1304 Octavis
2471 1235 2872 1323 Epiphaniae

748 1363 957 1426 usque
991 1341 1075 1407 ad
1108 1340 1726 1426 Septuagesimam:

644 1446 735 1511 Et
779 1467 821 1510 a
865 1446 1069 1510 Festo
1120 1445 1376 1509 Sanctae
1408 1445 1769 1511 Trinitatis
1814 1468 2028 1531 usque
2072 1448 2457 1512 Adventum
2502 1467 2624 1530 per
2652 1449 2875 1508 totam

751 1557 1079 1629 aest-atem‚
1110 1550 1372 1636 quando
1417 1550 1498 1614 de
1544 1556 1848 1637 tempore
1879 1553 2130 1638 agitur,
2164 1552 2593 1617 vestimentis
2640 1550 2878 1615 viridi-

754 1659 881 1722 bus
938 1663 1045 1721 est
1095 1656 1459 1732 utendum3
1506 1661 1579 1720 et
1623 1656 1962 1721 sciendum
2010 1658 2187 1742 quod
2243 1658 2429 1722 color
2473 1677 2747 1721 croceus
2804 1659 2878 1718 et

760 1763 989 1826 viridis
1020 1782 1141 1847 pro
1173 1762 1404 1825 eodem
1434 1766 1812 1846 reputatur.
2172 1751 2181 1759 ’

695 1869 798 1931 De
828 1870 1027 1950 niqro
1060 1866 1304 1929 colore.
2633 1942 2638 1948 ¹

652 1972 873 2058 Niger
902 1971 1089 2036 color
1117 1970 1423 2055 lugubris
1456 1975 1566 2034 est
1593 1971 2021 2037 novissimus.
2115 1972 2274 2037 Ideo
2307 1972 2626 2039 utendum
2659 1980 2761 2041 est
2795 1997 2877 2038 eo

764 2077 834 2140 in
866 2075 1513 2140 Commemoratione
1545 2075 1977 2141 Animarum:

654 2182 746 2246 Et
776 2182 1086 2264 quotiens
1119 2179 1342 2264 agitur
1372 2180 1453 2242 de
1488 2181 1810 2244 mortuis:

651 2287 745 2351 Et
774 2286 842 2349 in
872 2285 979 2349 die
1027 2284 1457 2361 Parasceves,
1490 2286 1719 2371 nigris
1752 2291 1860 2350 est
1888 2287 2231 2351 utendum.
2321 2287 2577 2352 Tamen
2607 2288 2878 2351 videtur

758 2389 1266 2454 convenientius
1320 2388 1387 2452 in
1443 2388 1550 2452 die
1606 2391 2016 2455 Parasceves
2066 2412 2281 2474 ,usque
2327 2397 2486 2477 post
2537 2391 2874 2456 orationes

759 2492 1119 2560 sollemnes
1150 2491 1380 2557 rubeis
1411 2495 1535 2572 uti,
1571 2500 1643 2561 et
1673 2500 1909 2581 postea
1940 2493 2174 2579 nigris.

645 2593 749 2680 Et'
783 2603 1121 2668 sciendum
1170 2601 1346 2686 quod
1394 2603 1758 2667 secundum
1805 2601 2125 2688 quosdam
2174 2601 2517 2667 violaceus
2564 2607 2634 2665 et
2677 2601 2872 2685 niger

756 2729 879 2792 pro
914 2707 1146 2771 eodem
1178 2708 1545 2771 habentur:
1596 2713 1823 2774 tamen
1856 2708 1925 2770 in
1956 2705 2261 2771 Ecclesia
2292 2711 2528 2770 nostra
2556 2705 2771 2769 Exon.
2803 2707 2871 2768 in
2917 2755 2922 2760 .

764 2815 982 2879 tribus
1043 2812 1269 2876 Fest-is
1329 2817 1616 2877 utuntur
1665 2812 2126 2876 indifferenter
2179 2812 2487 2876 omnibus
2541 2811 2872 2876 coloribus

758 2917 1092 2992 similiter,
1127 2915 1383 2980 scilicet
1426 2916 1492 2979 in
1540 2915 1743 2980 Festo
1790 2916 2087 2984 omnium
2136 2915 2553 2991 Sanctorum,
2588 2920 2654 2980 et
2689 2913 2870 2980 Reli-

754 3022 1082 3105 quiarum‚
1114 3025 1184 3084 et
1214 3020 1689 3088 Dedicationis.

2409 4930 2553 4997 :n
