3117 5025
471 460 553 523 82
1029 461 1211 525 Ordo
1242 459 1654 524 Ineludendi
1684 459 2052 524 Famulam
2086 459 2239 525 Dei.

553 663 788 723 Exinde
814 663 1063 742 incipiat
1089 663 1359 738 Missam,
1389 663 1673 742 Requiem
1702 672 2001 725 aeternam.

555 759 632 818 Et
653 767 782 836 post
809 758 1161 835 evanqelium
1172 757 1365 835 saciat
1384 758 1801 838 professionem.

551 855 753 912 Postea
772 852 965 930 faciat
1006 853 1434 912 benedictionem
1461 853 1686 912 vestitus
1711 853 1846 931 qius,
1876 861 1926 913 et
1953 852 2162 913 induat
2202 873 2328 912 eam
2354 850 2557 911 habitu
2597 848 2794 926 reliqi-

474 949 617 1021 onis,
648 948 703 1007 si
742 955 906 1006 antea
947 947 1156 1006 induta
1194 968 1308 1006 non
1317 947 1523 1025 faerit,
1551 948 1764 1007 dicens.

484 1187 491 1194 ,
562 1109 960 1173 Benedictio
989 1109 1556 1173 vestimentorum.

561 1210 890 1275 Dominus
921 1209 1287 1276 vobiscum.

569 1318 833 1381 Oratio.
920 1312 1126 1391 Deus,
1171 1313 1287 1397 qui
1338 1313 1808 1379 vestimentum
1863 1314 2162 1380 salutare
2216 1318 2288 1379 et
2339 1312 2798 1377 indumentum

386 1421 389 1424 ’
477 1423 736 1482 oeternae
758 1415 1202 1499 jocunditatis
1229 1415 1538 1480 fidelibus
1567 1416 1704 1481 tuis
1734 1417 2126 1501 promisisti,
2157 1413 2577 1481 clementiam
2609 1419 2799 1478 tuam

480 1519 871 1605 suppliciter
914 1538 1303 1593 exoramus;
1347 1529 1424 1581 ut
1466 1518 1606 1582 hoec
1648 1518 2056 1597 indumenta,
2087 1519 2538 1584 humilitatem
2583 1517 2805 1583 cordis

480 1631 551 1688 et
580 1626 1032 1707 contemptum
1076 1622 1303 1687 mundi
1336 1623 1805 1707 significantia,
1837 1626 2080 1710 quibus
2124 1622 2381 1689 famula
2424 1628 2545 1688 tua
2574 1630 2807 1689 sancto

480 1725 835 1789 visibiliter
887 1729 994 1789 est
1043 1724 1464 1790 informanda
1511 1727 1879 1810 proposit0,
1929 1727 2258 1814 propitius
2308 1726 2682 1802 benedicas,
2727 1730 2807 1790 ut

477 1828 690 1892 beatae
719 1827 1056 1892 castitatis
1083 1826 1387 1891 habitum
1418 1848 1636 1911 quem,
1670 1834 1739 1893 te
1784 1829 2177 1916 inspirante,
2210 1829 2528 1914 suscepit,
2558 1833 2627 1894 te
2657 1848 2810 1914 pro-

482 1931 776 2015 tegente,
808 1927 1161 1993 custodiat.
1252 1928 1382 1992 Per
1407 1928 1787 1995 Dominum.
2625 1932 2630 1936 ’

577 2031 879 2096 Oremus.

578 2134 839 2199 Oratio.
930 2131 1133 2210 Deus,
1156 2134 1476 2199 bonarum
1507 2134 1831 2200 virtutum
1864 2142 1934 2202 et
1962 2136 2251 2201 omnium
2283 2134 2816 2201 benedictionum

482 2236 715 2323 largus
758 2235 1034 2312 infusor,
1079 2236 1317 2300 exaudi
1360 2258 1594 2322 preces
1635 2244 1924 2316 nostras,
1967 2245 2048 2304 ut
2089 2241 2261 2303 hanc
2308 2244 2562 2304 vestem
2614 2257 2818 2319 quam

484 2338 739 2403 famula
760 2344 880 2403 tua
909 2338 998 2401 N.
1022 2358 1142 2423 pro
1164 2339 1615 2403 conservando
1638 2340 1973 2405 castitatis
1998 2341 2188 2427 signo
2213 2361 2285 2405 se
2308 2338 2819 2424 adoperiendam

489 2442 725 2528 poscit,
756 2441 1143 2506 benedicere
1175 2446 1245 2507 et
1275 2442 1690 2508 sanctificare
1734 2444 2053 2531 digneris.
2141 2446 2272 2510 Per
2311 2443 2650 2510 Christum
2681 2442 2818 2507 Do-

494 2545 747 2608 minum
777 2550 1103 2609 nostrum.

586 2646 886 2712 Oremus.

592 2753 852 2815 Oratio.
941 2749 1245 2833 Respice,
1278 2771 1675 2833 quaesumus,
1706 2751 2006 2832 Domine,
2042 2774 2241 2840 super
2283 2754 2455 2818 hanc
2499 2750 2824 2817 famulam

498 2861 684 2921 tuam
715 2861 793 2920 ut
836 2855 1249 2941 virginitatis
1294 2858 1731 2942 propositum,
1762 2860 1937 2945 quod
1981 2864 2051 2925 te
2092 2860 2460 2945 inspirante
2508 2856 2827 2942 suscepit,

502 2965 571 3023 te
601 2958 1015 3042 gubernante
1048 2957 1400 3022 custodiat.
1489 2955 1640 3024 Per.

589 3060 683 3123 Te
729 3059 1133 3136 invocamus,
1186 3059 1488 3137 Domine,
1538 3066 1773 3127 sancte
1833 3064 2055 3141 Pater,
2109 3063 2525 3149 omnipotens
2576 3063 2828 3125 aeterne

505 3163 708 3239 Deus,
744 3183 945 3247 super
986 3163 1158 3226 hanc
1188 3163 1507 3228 famulam
1552 3171 1738 3229 tuam
1772 3187 1914 3249 quae
1957 3168 2083 3232 tibi
2114 3168 2299 3232 vovit
2343 3165 2594 3230 servire
2638 3161 2835 3247 puris

505 3266 840 3332 mentibus
883 3266 1254 3350 mundoque
1300 3267 1516 3343 corde,
1547 3272 1627 3332 ut
1669 3288 1816 3331 eam
1863 3270 2116 3334 sociare
2144 3268 2442 3354 digneris
2486 3268 2663 3331 inter
2707 3265 2835 3329 illa

507 3374 772 3434 centum
804 3368 1245 3453 quadraginta
1277 3376 1565 3453 quatuor
1586 3369 1798 3433 millia
1827 3370 2181 3436 infantium
2213 3371 2327 3455 qui
2356 3370 2650 3455 virgines
2680 3388 2836 3452 per-

507 3476 901 3537 manserunt
964 3477 1033 3536 et
1093 3491 1165 3534 se
1225 3493 1373 3536 cum
1436 3470 1830 3536 mulieribus
1889 3494 2021 3537 non
2089 3473 2700 3557 coinquinaverunt,
2760 3470 2836 3533 in

511 3596 791 3660 quorum
824 3595 937 3638 ore
967 3594 1100 3637 non
1132 3579 1236 3638 est
1265 3574 1581 3638 inventus
1611 3574 1839 3653 dolus3
1887 3575 1987 3641 ita
2016 3596 2177 3662 ergo
2208 3581 2279 3639 et
2307 3576 2478 3639 hanc
2507 3570 2835 3639 famulam

396 3750 417 3765 a
510 3680 697 3741 tuam
741 3675 951 3739 facias
995 3675 1340 3759 pervenire
1381 3674 1876 3742 immaculatam
1922 3699 2133 3762 usque
2180 3677 2251 3740 in
2293 3677 2516 3752 finem,
2546 3695 2668 3759 per
2710 3673 2837 3737 im-

509 3777 916 3842 maculatum
969 3776 1323 3839 Dominum
1375 3783 1700 3854 nostrum,
1747 3800 1895 3843 cum
1948 3801 2078 3864 quo
2130 3779 2302 3843 vivis
2351 3783 2422 3843 et
2465 3797 2712 3862 regnas
2764 3777 2838 3839 in

517 3880 776 3944 unitate
812 3879 1100 3963 Spiritus
1134 3879 1382 3955 Sancti,
1412 3878 1618 3957 Deus,
1651 3902 1772 3965 per
1802 3883 2025 3946 omnia
2055 3880 2313 3945 saecula.

611 3985 874 4049 Oratio.
962 3982 1235 4058 Adeste,
1273 3981 1580 4059 Domine,
1614 3985 2209 4069 supplicationibus
2253 3983 2525 4061 nostris,
2556 3987 2626 4047 et
2668 3983 2845 4046 hanc

517 4085 829 4153 ancillam
861 4090 1045 4150 tuam
1092 4084 1557 4166 beneffldicere
1589 4086 1888 4171 dignare,
1920 4087 2024 4151 cui
2057 4087 2125 4150 in
2156 4093 2274 4151 tuo
2318 4090 2551 4151 sancto
2580 4084 2847 4148 nomine

518 4187 821 4254 habitum
875 4190 1119 4250 sanctae
1177 4185 1520 4270 religionis
1580 4187 2058 4272 imfflponimus
2110 4194 2188 4253 ut
2245 4191 2315 4252 te
2368 4186 2721 4273 largiente,
2775 4189 2849 4249 et

517 4292 761 4353 devota
816 4288 886 4351 in
946 4286 1228 4352 ecclesia
1287 4288 1650 4371 persistere
1710 4293 1780 4353 et
1837 4289 2043 4354 vitam
2105 4290 2446 4375 percipere
2505 4295 2852 4351 mereatur

518 4397 853 4457 aeternam.
943 4389 1073 4452 Per
1130 4388 1486 4453 Dominum
1534 4395 1836 4454 nostrum
1894 4390 1939 4455 J
1942 4412 2131 4456 esum
2191 4391 2534 4456 Christum
2595 4388 2846 4455 Filium
