<?xml version="1.0" encoding="UTF-8"?>
<!DOCTYPE html PUBLIC "-//W3C//DTD XHTML 1.0 Transitional//EN"
    "http://www.w3.org/TR/xhtml1/DTD/xhtml1-transitional.dtd">
<html xmlns="http://www.w3.org/1999/xhtml" xml:lang="en" lang="en">
 <head>
  <title>
</title>
<meta http-equiv="Content-Type" content="text/html;charset=utf-8" />
  <meta name='ocr-system' content='tesseract 3.04.00' />
  <meta name='ocr-capabilities' content='ocr_page ocr_carea ocr_par ocr_line ocrx_word'/>
</head>
<body>
  <div class='ocr_page' id='page_1' title='image "./liberpontifical00hendgoog_0084.png"; bbox 0 0 3117 5025; ppageno 0'>
   <div class='ocr_carea' id='block_1_1' title="bbox 515 423 2123 492">
    <p class='ocr_par' dir='ltr' id='par_1_1' title="bbox 515 423 2123 492">
     <span class='ocr_line' id='line_1_1' title="bbox 515 423 2123 492; baseline 0.004 -6"><span class='ocrx_word' id='word_1_1' title='bbox 515 423 599 486; x_wconf 86' lang='lat'><strong>32</strong></span> <span class='ocrx_word' id='word_1_2' title='bbox 1242 426 1609 489; x_wconf 74' lang='lat' dir='ltr'><strong><em>Ordinatio</em></strong></span> <span class='ocrx_word' id='word_1_3' title='bbox 1641 428 2123 492; x_wconf 74' lang='lat' dir='ltr'><strong>Diaconorum.</strong></span> 
     </span>
    </p>
   </div>
   <div class='ocr_carea' id='block_1_2' title="bbox 599 631 1513 1005">
    <p class='ocr_par' dir='ltr' id='par_1_2' title="bbox 600 631 1513 802">
     <span class='ocr_line' id='line_1_2' title="bbox 602 631 1513 701; baseline 0.008 -7"><span class='ocrx_word' id='word_1_4' title='bbox 602 631 1000 695; x_wconf 79' lang='lat' dir='ltr'><em>Benedictio</em></span> <span class='ocrx_word' id='word_1_5' title='bbox 1032 632 1513 701; x_wconf 76' lang='lat' dir='ltr'><strong>Diaconorum.</strong></span> 
     </span>
     <span class='ocr_line' id='line_1_3' title="bbox 600 734 1312 802; baseline 0.006 -5"><span class='ocrx_word' id='word_1_6' title='bbox 600 734 921 798; x_wconf 85' lang='lat' dir='ltr'>Dominus</span> <span class='ocrx_word' id='word_1_7' title='bbox 953 736 1312 802; x_wconf 87' lang='lat' dir='ltr'><strong>vobiscum.</strong></span> 
     </span>
    </p>

    <p class='ocr_par' dir='ltr' id='par_1_3' title="bbox 599 837 1319 1005">
     <span class='ocr_line' id='line_1_4' title="bbox 599 837 1319 922; baseline 0.006 -22"><span class='ocrx_word' id='word_1_8' title='bbox 599 837 690 901; x_wconf 91' lang='lat' dir='ltr'><strong>Et</strong></span> <span class='ocrx_word' id='word_1_9' title='bbox 719 858 866 901; x_wconf 93' lang='lat' dir='ltr'><strong>cum</strong></span> <span class='ocrx_word' id='word_1_10' title='bbox 902 837 1152 922; x_wconf 80' lang='lat' dir='ltr'><strong>Spiritu</strong></span> <span class='ocrx_word' id='word_1_11' title='bbox 1184 846 1319 904; x_wconf 89' lang='lat' dir='ltr'><strong>tuo.</strong></span> 
     </span>
     <span class='ocr_line' id='line_1_5' title="bbox 601 939 899 1005; baseline 0.01 -3"><span class='ocrx_word' id='word_1_12' title='bbox 601 939 899 1005; x_wconf 90' lang='lat' dir='ltr'><strong>Oremus.</strong></span> 
     </span>
    </p>
   </div>
   <div class='ocr_carea' id='block_1_3' title="bbox 509 1042 2824 2150">
    <p class='ocr_par' dir='ltr' id='par_1_4' title="bbox 509 1042 2824 2150">
     <span class='ocr_line' id='line_1_6' title="bbox 599 1042 2824 1134; baseline 0 -28"><span class='ocrx_word' id='word_1_13' title='bbox 599 1042 878 1107; x_wconf 87' lang='lat' dir='ltr'>Domine</span> <span class='ocrx_word' id='word_1_14' title='bbox 932 1050 1159 1110; x_wconf 90' lang='lat' dir='ltr'><strong>sancte</strong></span> <span class='ocrx_word' id='word_1_15' title='bbox 1208 1047 1430 1123; x_wconf 82' lang='lat' dir='ltr'><strong>Pater,</strong></span> <span class='ocrx_word' id='word_1_16' title='bbox 1488 1047 1650 1132; x_wconf 89' lang='lat' dir='ltr'><strong>spei,</strong></span> <span class='ocrx_word' id='word_1_17' title='bbox 1696 1047 1872 1126; x_wconf 85' lang='lat' dir='ltr'><strong>fidei,</strong></span> <span class='ocrx_word' id='word_1_18' title='bbox 1915 1048 2167 1134; x_wconf 80' lang='lat' dir='ltr'><strong>gratiae,</strong></span> <span class='ocrx_word' id='word_1_19' title='bbox 2214 1051 2283 1111; x_wconf 91' lang='lat' dir='ltr'><strong>et</strong></span> <span class='ocrx_word' id='word_1_20' title='bbox 2329 1045 2617 1111; x_wconf 92' lang='lat' dir='ltr'>omnium</span> <span class='ocrx_word' id='word_1_21' title='bbox 2673 1065 2824 1128; x_wconf 90' lang='lat' dir='ltr'><strong>pro-</strong></span> 
     </span>
     <span class='ocr_line' id='line_1_7' title="bbox 512 1145 2820 1233; baseline 0 -26"><span class='ocrx_word' id='word_1_22' title='bbox 512 1145 803 1209; x_wconf 88' lang='lat' dir='ltr'><strong>fectuum</strong></span> <span class='ocrx_word' id='word_1_23' title='bbox 848 1153 1254 1224; x_wconf 81' lang='lat' dir='ltr'><strong>munerator,</strong></span> <span class='ocrx_word' id='word_1_24' title='bbox 1297 1148 1408 1232; x_wconf 92' lang='lat' dir='ltr'>qui</span> <span class='ocrx_word' id='word_1_25' title='bbox 1454 1149 1520 1212; x_wconf 89' lang='lat' dir='ltr'>in</span> <span class='ocrx_word' id='word_1_26' title='bbox 1564 1148 1946 1215; x_wconf 88' lang='lat' dir='ltr'><strong>coelestibus</strong></span> <span class='ocrx_word' id='word_1_27' title='bbox 1991 1156 2061 1215; x_wconf 92' lang='lat' dir='ltr'><strong>et</strong></span> <span class='ocrx_word' id='word_1_28' title='bbox 2104 1149 2391 1214; x_wconf 87' lang='lat' dir='ltr'><strong>terrenis</strong></span> <span class='ocrx_word' id='word_1_29' title='bbox 2435 1148 2820 1233; x_wconf 85' lang='lat' dir='ltr'><strong>angelorum</strong></span> 
     </span>
     <span class='ocr_line' id='line_1_8' title="bbox 513 1247 2824 1337; baseline 0.001 -28"><span class='ocrx_word' id='word_1_30' title='bbox 513 1247 904 1311; x_wconf 88' lang='lat' dir='ltr'><strong>ministeriis</strong></span> <span class='ocrx_word' id='word_1_31' title='bbox 958 1250 1197 1334; x_wconf 91' lang='lat' dir='ltr'>ubique</span> <span class='ocrx_word' id='word_1_32' title='bbox 1249 1250 1614 1335; x_wconf 81' lang='lat' dir='ltr'>dispositis,</span> <span class='ocrx_word' id='word_1_33' title='bbox 1660 1273 1777 1337; x_wconf 91' lang='lat' dir='ltr'><strong>per</strong></span> <span class='ocrx_word' id='word_1_34' title='bbox 1820 1253 2042 1317; x_wconf 85' lang='lat' dir='ltr'><strong>omnia</strong></span> <span class='ocrx_word' id='word_1_35' title='bbox 2085 1252 2417 1316; x_wconf 89' lang='lat' dir='ltr'><strong>elementa</strong></span> <span class='ocrx_word' id='word_1_36' title='bbox 2455 1248 2824 1314; x_wconf 83' lang='lat' dir='ltr'><strong>voluntatis</strong></span> 
     </span>
     <span class='ocr_line' id='line_1_9' title="bbox 513 1351 2824 1439; baseline 0 -26"><span class='ocrx_word' id='word_1_37' title='bbox 513 1353 643 1413; x_wconf 84' lang='lat' dir='ltr'><strong>tuae</strong></span> <span class='ocrx_word' id='word_1_38' title='bbox 703 1351 1017 1415; x_wconf 88' lang='lat' dir='ltr'>diffundis</span> <span class='ocrx_word' id='word_1_39' title='bbox 1077 1354 1426 1430; x_wconf 84' lang='lat' dir='ltr'><strong>effectum3</strong></span> <span class='ocrx_word' id='word_1_40' title='bbox 1486 1353 1611 1417; x_wconf 91' lang='lat' dir='ltr'><strong>hos</strong></span> <span class='ocrx_word' id='word_1_41' title='bbox 1671 1375 1929 1439; x_wconf 89' lang='lat' dir='ltr'><strong>quoque</strong></span> <span class='ocrx_word' id='word_1_42' title='bbox 1995 1353 2284 1418; x_wconf 87' lang='lat' dir='ltr'><strong>famulos</strong></span> <span class='ocrx_word' id='word_1_43' title='bbox 2337 1359 2491 1417; x_wconf 91' lang='lat' dir='ltr'><strong>tuos</strong></span> <span class='ocrx_word' id='word_1_44' title='bbox 2553 1352 2824 1436; x_wconf 88' lang='lat' dir='ltr'><strong>speciali</strong></span> 
     </span>
     <span class='ocr_line' id='line_1_10' title="bbox 514 1452 2822 1540; baseline 0.001 -24"><span class='ocrx_word' id='word_1_45' title='bbox 514 1452 791 1538; x_wconf 87' lang='lat' dir='ltr'><strong>dignare</strong></span> <span class='ocrx_word' id='word_1_46' title='bbox 837 1454 1178 1520; x_wconf 85' lang='lat' dir='ltr'><strong>illustrare</strong></span> <span class='ocrx_word' id='word_1_47' title='bbox 1223 1461 1518 1540; x_wconf 88' lang='lat' dir='ltr'><strong>aspectu,</strong></span> <span class='ocrx_word' id='word_1_48' title='bbox 1550 1462 1626 1520; x_wconf 90' lang='lat' dir='ltr'><strong>ut</strong></span> <span class='ocrx_word' id='word_1_49' title='bbox 1670 1457 1805 1521; x_wconf 91' lang='lat' dir='ltr'><strong>tuis</strong></span> <span class='ocrx_word' id='word_1_50' title='bbox 1850 1458 2186 1540; x_wconf 90' lang='lat' dir='ltr'><strong>obsequiis</strong></span> <span class='ocrx_word' id='word_1_51' title='bbox 2231 1455 2542 1540; x_wconf 86' lang='lat' dir='ltr'><strong>expediti,</strong></span> <span class='ocrx_word' id='word_1_52' title='bbox 2574 1455 2822 1521; x_wconf 86' lang='lat' dir='ltr'><strong>sanctis</strong></span> 
     </span>
     <span class='ocr_line' id='line_1_11' title="bbox 514 1555 2824 1643; baseline 0 -24"><span class='ocrx_word' id='word_1_53' title='bbox 514 1555 650 1619; x_wconf 90' lang='lat' dir='ltr'><strong>tuis</strong></span> <span class='ocrx_word' id='word_1_54' title='bbox 681 1555 1006 1620; x_wconf 85' lang='lat' dir='ltr'><strong>altaribus</strong></span> <span class='ocrx_word' id='word_1_55' title='bbox 1037 1556 1324 1620; x_wconf 91' lang='lat' dir='ltr'><strong>ministri</strong></span> <span class='ocrx_word' id='word_1_56' title='bbox 1354 1558 1504 1642; x_wconf 88' lang='lat' dir='ltr'><strong>puri</strong></span> <span class='ocrx_word' id='word_1_57' title='bbox 1536 1564 1938 1635; x_wconf 76' lang='lat' dir='ltr'><strong>accrescant,</strong></span> <span class='ocrx_word' id='word_1_58' title='bbox 1964 1564 2032 1622; x_wconf 93' lang='lat' dir='ltr'><strong>et</strong></span> <span class='ocrx_word' id='word_1_59' title='bbox 2061 1557 2475 1643; x_wconf 85' lang='lat' dir='ltr'><strong>indulgentia</strong></span> <span class='ocrx_word' id='word_1_60' title='bbox 2503 1558 2824 1643; x_wconf 88' lang='lat' dir='ltr'><strong>puriores,</strong></span> 
     </span>
     <span class='ocr_line' id='line_1_12' title="bbox 514 1659 2823 1745; baseline 0.001 -24"><span class='ocrx_word' id='word_1_61' title='bbox 514 1678 740 1721; x_wconf 90' lang='lat' dir='ltr'><strong>eorum</strong></span> <span class='ocrx_word' id='word_1_62' title='bbox 786 1659 1019 1743; x_wconf 87' lang='lat' dir='ltr'><strong>gradu,</strong></span> <span class='ocrx_word' id='word_1_63' title='bbox 1067 1681 1234 1742; x_wconf 93' lang='lat' dir='ltr'>quos</span> <span class='ocrx_word' id='word_1_64' title='bbox 1279 1661 1565 1745; x_wconf 87' lang='lat' dir='ltr'><strong>apostoli</strong></span> <span class='ocrx_word' id='word_1_65' title='bbox 1610 1661 1708 1725; x_wconf 88' lang='lat' dir='ltr'><strong>tui</strong></span> <span class='ocrx_word' id='word_1_66' title='bbox 1754 1660 1822 1724; x_wconf 92' lang='lat' dir='ltr'>in</span> <span class='ocrx_word' id='word_1_67' title='bbox 1870 1661 2245 1745; x_wconf 90' lang='lat' dir='ltr'><strong>septenario</strong></span> <span class='ocrx_word' id='word_1_68' title='bbox 2291 1680 2584 1736; x_wconf 90' lang='lat' dir='ltr'><strong>numero,</strong></span> <span class='ocrx_word' id='word_1_69' title='bbox 2625 1661 2823 1724; x_wconf 89' lang='lat' dir='ltr'><strong>beato</strong></span> 
     </span>
     <span class='ocr_line' id='line_1_13' title="bbox 514 1759 2823 1848; baseline 0.002 -26"><span class='ocrx_word' id='word_1_70' title='bbox 514 1759 850 1844; x_wconf 86' lang='lat' dir='ltr'><strong>Stephano</strong></span> <span class='ocrx_word' id='word_1_71' title='bbox 895 1764 1058 1824; x_wconf 91' lang='lat' dir='ltr'><strong>duce</strong></span> <span class='ocrx_word' id='word_1_72' title='bbox 1105 1784 1182 1826; x_wconf 88' lang='lat' dir='ltr'><strong>ac</strong></span> <span class='ocrx_word' id='word_1_73' title='bbox 1225 1762 1487 1846; x_wconf 84' lang='lat' dir='ltr'><strong>praevio,</strong></span> <span class='ocrx_word' id='word_1_74' title='bbox 1537 1762 1790 1846; x_wconf 79' lang='lat' dir='ltr'>Spiritu</span> <span class='ocrx_word' id='word_1_75' title='bbox 1847 1763 2089 1827; x_wconf 88' lang='lat' dir='ltr'><strong>Sancto</strong></span> <span class='ocrx_word' id='word_1_76' title='bbox 2142 1768 2410 1826; x_wconf 90' lang='lat' dir='ltr'><strong>auctore</strong></span> <span class='ocrx_word' id='word_1_77' title='bbox 2457 1761 2823 1848; x_wconf 86' lang='lat' dir='ltr'><strong>elegerunt,</strong></span> 
     </span>
     <span class='ocr_line' id='line_1_14' title="bbox 512 1862 2824 1949; baseline 0.002 -25"><span class='ocrx_word' id='word_1_78' title='bbox 512 1862 695 1948; x_wconf 86' lang='lat' dir='ltr'>digni</span> <span class='ocrx_word' id='word_1_79' title='bbox 715 1864 1045 1927; x_wconf 75' lang='lat' dir='ltr'>exsistant</span> <span class='ocrx_word' id='word_1_80' title='bbox 1064 1870 1131 1928; x_wconf 92' lang='lat' dir='ltr'><strong>et</strong></span> <span class='ocrx_word' id='word_1_81' title='bbox 1151 1865 1513 1929; x_wconf 85' lang='lat' dir='ltr'><strong>virtutibus</strong></span> <span class='ocrx_word' id='word_1_82' title='bbox 1533 1865 1863 1929; x_wconf 89' lang='lat' dir='ltr'><strong>universis</strong></span> <span class='ocrx_word' id='word_1_83' title='bbox 1883 1866 2121 1949; x_wconf 92' lang='lat' dir='ltr'>quibus</span> <span class='ocrx_word' id='word_1_84' title='bbox 2141 1865 2262 1928; x_wconf 91' lang='lat' dir='ltr'><strong>tibi</strong></span> <span class='ocrx_word' id='word_1_85' title='bbox 2288 1864 2523 1928; x_wconf 88' lang='lat' dir='ltr'><strong>serviri</strong></span> <span class='ocrx_word' id='word_1_86' title='bbox 2541 1869 2824 1948; x_wconf 75' lang='lat' dir='ltr'><strong>oportet,</strong></span> 
     </span>
     <span class='ocr_line' id='line_1_15' title="bbox 509 1963 2822 2049; baseline 0.001 -22"><span class='ocrx_word' id='word_1_87' title='bbox 509 1965 821 2029; x_wconf 76' lang='lat' dir='ltr'>instructi</span> <span class='ocrx_word' id='word_1_88' title='bbox 894 1966 1211 2049; x_wconf 88' lang='lat' dir='ltr'><strong>polleant.</strong></span> <span class='ocrx_word' id='word_1_89' title='bbox 1335 1968 1466 2031; x_wconf 91' lang='lat' dir='ltr'><strong>Per</strong></span> <span class='ocrx_word' id='word_1_90' title='bbox 1538 1967 1892 2031; x_wconf 92' lang='lat' dir='ltr'>Dominum</span> <span class='ocrx_word' id='word_1_91' title='bbox 1968 1963 2290 2031; x_wconf 88' lang='lat' dir='ltr'><strong>nostrum.</strong></span> <span class='ocrx_word' id='word_1_92' title='bbox 2410 1967 2488 2030; x_wconf 89' lang='lat' dir='ltr'>In</span> <span class='ocrx_word' id='word_1_93' title='bbox 2566 1967 2822 2031; x_wconf 88' lang='lat' dir='ltr'><strong>unitate</strong></span> 
     </span>
     <span class='ocr_line' id='line_1_16' title="bbox 514 2067 830 2150; baseline 0.003 -20"><span class='ocrx_word' id='word_1_94' title='bbox 514 2067 830 2150; x_wconf 89' lang='lat' dir='ltr'><strong>ejusdem.</strong></span> 
     </span>
    </p>
   </div>
   <div class='ocr_carea' id='block_1_4' title="bbox 514 2167 2826 2343">
    <p class='ocr_par' dir='ltr' id='par_1_5' title="bbox 514 2167 2826 2343">
     <span class='ocr_line' id='line_1_17' title="bbox 603 2167 2826 2247; baseline 0 -21"><span class='ocrx_word' id='word_1_95' title='bbox 603 2167 764 2227; x_wconf 80' lang='lat' dir='ltr'><strong>Tunc</strong></span> <span class='ocrx_word' id='word_1_96' title='bbox 790 2168 888 2227; x_wconf 72' lang='lat' dir='ltr'><strong>ille</strong></span> <span class='ocrx_word' id='word_1_97' title='bbox 915 2170 1018 2245; x_wconf 79' lang='lat' dir='ltr'><strong>qui</strong></span> <span class='ocrx_word' id='word_1_98' title='bbox 1058 2169 1294 2227; x_wconf 76' lang='lat' dir='ltr'><strong>lecturus</strong></span> <span class='ocrx_word' id='word_1_99' title='bbox 1321 2177 1398 2227; x_wconf 79' lang='lat' dir='ltr'><strong>est</strong></span> <span class='ocrx_word' id='word_1_100' title='bbox 1438 2169 1839 2246; x_wconf 76' lang='lat' dir='ltr'><strong>Evanyelium,</strong></span> <span class='ocrx_word' id='word_1_101' title='bbox 1869 2169 2151 2228; x_wconf 71' lang='lat' dir='ltr'><strong>incensato</strong></span> <span class='ocrx_word' id='word_1_102' title='bbox 2174 2169 2340 2247; x_wconf 77' lang='lat' dir='ltr'><strong>prius</strong></span> <span class='ocrx_word' id='word_1_103' title='bbox 2380 2168 2584 2227; x_wconf 77' lang='lat' dir='ltr'><strong>altaris</strong></span> <span class='ocrx_word' id='word_1_104' title='bbox 2621 2168 2826 2241; x_wconf 82' lang='lat' dir='ltr'><strong>medio,</strong></span> 
     </span>
     <span class='ocr_line' id='line_1_18' title="bbox 514 2263 2825 2343; baseline 0 -22"><span class='ocrx_word' id='word_1_105' title='bbox 514 2263 941 2322; x_wconf 76' lang='lat' dir='ltr'><strong>benedictionem</strong></span> <span class='ocrx_word' id='word_1_106' title='bbox 984 2272 1160 2343; x_wconf 79' lang='lat' dir='ltr'><strong>petat,</strong></span> <span class='ocrx_word' id='word_1_107' title='bbox 1216 2264 1312 2322; x_wconf 79' lang='lat' dir='ltr'><strong>cui</strong></span> <span class='ocrx_word' id='word_1_108' title='bbox 1363 2264 1417 2322; x_wconf 82' lang='lat' dir='ltr'><strong>si</strong></span> <span class='ocrx_word' id='word_1_109' title='bbox 1468 2286 1642 2323; x_wconf 71' lang='lat' dir='ltr'>‘novus</span> <span class='ocrx_word' id='word_1_110' title='bbox 1694 2265 1787 2336; x_wconf 77' lang='lat' dir='ltr'><strong>sit,</strong></span> <span class='ocrx_word' id='word_1_111' title='bbox 1843 2264 2127 2342; x_wconf 75' lang='lat' dir='ltr'><strong>episcopus</strong></span> <span class='ocrx_word' id='word_1_112' title='bbox 2180 2264 2374 2322; x_wconf 80' lang='lat' dir='ltr'><strong>tradat</strong></span> <span class='ocrx_word' id='word_1_113' title='bbox 2433 2263 2825 2337; x_wconf 79' lang='lat' dir='ltr'><strong>dalmaticam,</strong></span> 
     </span>
    </p>
   </div>
   <div class='ocr_carea' id='block_1_5' title="bbox 509 2356 2825 3144">
    <p class='ocr_par' dir='ltr' id='par_1_6' title="bbox 509 2356 716 2429">
     <span class='ocr_line' id='line_1_19' title="bbox 509 2356 716 2429; baseline 0.01 -15"><span class='ocrx_word' id='word_1_114' title='bbox 509 2356 716 2429; x_wconf 72' lang='lat' dir='ltr'><strong>dicem,</strong></span> 
     </span>
    </p>

    <p class='ocr_par' dir='ltr' id='par_1_7' title="bbox 599 2452 2018 2520">
     <span class='ocr_line' id='line_1_20' title="bbox 599 2452 2018 2520; baseline 0.002 -3"><span class='ocrx_word' id='word_1_115' title='bbox 599 2453 844 2518; x_wconf 79' lang='lat' dir='ltr'>Induat</span> <span class='ocrx_word' id='word_1_116' title='bbox 873 2459 940 2519; x_wconf 90' lang='lat' dir='ltr'><strong>te</strong></span> <span class='ocrx_word' id='word_1_117' title='bbox 971 2452 1296 2519; x_wconf 89' lang='lat' dir='ltr'>Dominus</span> <span class='ocrx_word' id='word_1_118' title='bbox 1328 2453 1725 2518; x_wconf 88' lang='lat' dir='ltr'><strong>vestimento</strong></span> <span class='ocrx_word' id='word_1_119' title='bbox 1758 2454 2018 2520; x_wconf 84' lang='lat' dir='ltr'><strong>salutis.</strong></span> 
     </span>
    </p>

    <p class='ocr_par' dir='ltr' id='par_1_8' title="bbox 593 2556 1634 2627">
     <span class='ocr_line' id='line_1_21' title="bbox 593 2556 1634 2627; baseline 0.001 -14"><span class='ocrx_word' id='word_1_120' title='bbox 593 2557 753 2614; x_wconf 83' lang='lat' dir='ltr'><strong>Tunc</strong></span> <span class='ocrx_word' id='word_1_121' title='bbox 779 2557 1051 2615; x_wconf 80' lang='lat' dir='ltr'><strong>diaconus</strong></span> <span class='ocrx_word' id='word_1_122' title='bbox 1076 2557 1431 2627; x_wconf 75' lang='lat' dir='ltr'><strong>humiliatus,</strong></span> <span class='ocrx_word' id='word_1_123' title='bbox 1459 2556 1634 2615; x_wconf 75' lang='lat' dir='ltr'><strong>dicat.</strong></span> 
     </span>
    </p>

    <p class='ocr_par' dir='ltr' id='par_1_9' title="bbox 597 2651 1522 2716">
     <span class='ocr_line' id='line_1_22' title="bbox 597 2651 1522 2716; baseline 0.001 -1"><span class='ocrx_word' id='word_1_124' title='bbox 597 2651 642 2715; x_wconf 88' lang='lat' dir='ltr'><strong>J</strong></span> <span class='ocrx_word' id='word_1_125' title='bbox 646 2651 771 2715; x_wconf 91' lang='lat' dir='ltr'><strong>ube</strong></span> <span class='ocrx_word' id='word_1_126' title='bbox 805 2651 1084 2715; x_wconf 90' lang='lat' dir='ltr'>Domine</span> <span class='ocrx_word' id='word_1_127' title='bbox 1115 2651 1522 2716; x_wconf 90' lang='lat' dir='ltr'><strong>benedicere.</strong></span> 
     </span>
    </p>

    <p class='ocr_par' dir='ltr' id='par_1_10' title="bbox 600 2754 1444 2834">
     <span class='ocr_line' id='line_1_23' title="bbox 600 2754 1444 2834; baseline 0.001 -19"><span class='ocrx_word' id='word_1_128' title='bbox 600 2754 985 2834; x_wconf 77' lang='lat' dir='ltr'><strong>Episcopus</strong></span> <span class='ocrx_word' id='word_1_129' title='bbox 1014 2755 1444 2834; x_wconf 78' lang='lat' dir='ltr'><strong>respondeat.</strong></span> 
     </span>
    </p>

    <p class='ocr_par' dir='ltr' id='par_1_11' title="bbox 517 2853 2825 3043">
     <span class='ocr_line' id='line_1_24' title="bbox 599 2853 2825 2939; baseline 0 -21"><span class='ocrx_word' id='word_1_130' title='bbox 599 2853 925 2919; x_wconf 85' lang='lat' dir='ltr'>Dominus</span> <span class='ocrx_word' id='word_1_131' title='bbox 971 2856 1060 2920; x_wconf 91' lang='lat' dir='ltr'><strong>sit</strong></span> <span class='ocrx_word' id='word_1_132' title='bbox 1102 2855 1170 2917; x_wconf 89' lang='lat' dir='ltr'>in</span> <span class='ocrx_word' id='word_1_133' title='bbox 1217 2855 1411 2919; x_wconf 88' lang='lat' dir='ltr'><strong>corde</strong></span> <span class='ocrx_word' id='word_1_134' title='bbox 1456 2859 1575 2919; x_wconf 91' lang='lat' dir='ltr'><strong>tuo</strong></span> <span class='ocrx_word' id='word_1_135' title='bbox 1621 2862 1691 2920; x_wconf 94' lang='lat' dir='ltr'><strong>et</strong></span> <span class='ocrx_word' id='word_1_136' title='bbox 1734 2856 1801 2919; x_wconf 91' lang='lat' dir='ltr'>in</span> <span class='ocrx_word' id='word_1_137' title='bbox 1849 2878 1961 2919; x_wconf 95' lang='lat' dir='ltr'><strong>ore</strong></span> <span class='ocrx_word' id='word_1_138' title='bbox 2010 2861 2123 2920; x_wconf 89' lang='lat' dir='ltr'><strong>tuo</strong></span> <span class='ocrx_word' id='word_1_139' title='bbox 2156 2855 2237 2920; x_wconf 89' lang='lat' dir='ltr'><strong>ad</strong></span> <span class='ocrx_word' id='word_1_140' title='bbox 2271 2857 2825 2939; x_wconf 79' lang='lat' dir='ltr'><strong>pronuntiandum</strong></span> 
     </span>
     <span class='ocr_line' id='line_1_25' title="bbox 517 2957 2408 3043; baseline 0.001 -21"><span class='ocrx_word' id='word_1_141' title='bbox 517 2964 820 3023; x_wconf 86' lang='lat' dir='ltr'><strong>sanctum</strong></span> <span class='ocrx_word' id='word_1_142' title='bbox 852 2958 1290 3043; x_wconf 87' lang='lat' dir='ltr'><strong>Evangelium</strong></span> <span class='ocrx_word' id='word_1_143' title='bbox 1324 2957 1523 3042; x_wconf 83' lang='lat' dir='ltr'><strong>pacis.</strong></span> <span class='ocrx_word' id='word_1_144' title='bbox 1615 2960 1694 3023; x_wconf 91' lang='lat' dir='ltr'>In</span> <span class='ocrx_word' id='word_1_145' title='bbox 1725 2960 1989 3023; x_wconf 89' lang='lat' dir='ltr'>nomine</span> <span class='ocrx_word' id='word_1_146' title='bbox 2019 2959 2261 3035; x_wconf 82' lang='lat' dir='ltr'><strong>Patris,</strong></span> <span class='ocrx_word' id='word_1_147' title='bbox 2297 2961 2408 3040; x_wconf 66' lang='lat' dir='ltr'><strong>§ca</strong></span> 
     </span>
    </p>

    <p class='ocr_par' dir='ltr' id='par_1_12' title="bbox 602 3061 1759 3144">
     <span class='ocr_line' id='line_1_26' title="bbox 602 3061 1759 3144; baseline 0.001 -19"><span class='ocrx_word' id='word_1_148' title='bbox 602 3061 1054 3144; x_wconf 74' lang='lat' dir='ltr'><strong>Evanyelium</strong></span> <span class='ocrx_word' id='word_1_149' title='bbox 1085 3063 1447 3124; x_wconf 78' lang='lat' dir='ltr'><strong>secundum</strong></span> <span class='ocrx_word' id='word_1_150' title='bbox 1475 3061 1759 3126; x_wconf 83' lang='lat' dir='ltr'><strong>Lucam.</strong></span> 
     </span>
    </p>
   </div>
   <div class='ocr_carea' id='block_1_6' title="bbox 628 3162 2827 3249">
    <p class='ocr_par' dir='ltr' id='par_1_13' title="bbox 628 3162 2827 3249">
     <span class='ocr_line' id='line_1_27' title="bbox 628 3162 2827 3249; baseline -0 -21"><span class='ocrx_word' id='word_1_151' title='bbox 628 3165 820 3228; x_wconf 91' lang='lat' dir='ltr'>Anno</span> <span class='ocrx_word' id='word_1_152' title='bbox 881 3163 1366 3248; x_wconf 91' lang='lat' dir='ltr'><strong>quintodecimo</strong></span> <span class='ocrx_word' id='word_1_153' title='bbox 1427 3164 1685 3247; x_wconf 87' lang='lat' dir='ltr'><strong>imperii</strong></span> <span class='ocrx_word' id='word_1_154' title='bbox 1754 3163 2003 3228; x_wconf 86' lang='lat' dir='ltr'><strong>Tiberii</strong></span> <span class='ocrx_word' id='word_1_155' title='bbox 2072 3162 2373 3239; x_wconf 85' lang='lat' dir='ltr'><strong>Caesaris,</strong></span> <span class='ocrx_word' id='word_1_156' title='bbox 2434 3170 2827 3249; x_wconf 81' lang='lat' dir='ltr'><strong>procurante</strong></span> 
     </span>
    </p>
   </div>
   <div class='ocr_carea' id='block_1_7' title="bbox 518 3265 2910 3344">
    <p class='ocr_par' dir='ltr' id='par_1_14' title="bbox 518 3265 2910 3344">
     <span class='ocr_line' id='line_1_28' title="bbox 518 3265 2910 3344; baseline -0.001 -12"><span class='ocrx_word' id='word_1_157' title='bbox 518 3267 754 3332; x_wconf 85' lang='lat' dir='ltr'><strong>Pontio</strong></span> <span class='ocrx_word' id='word_1_158' title='bbox 822 3267 1038 3331; x_wconf 85' lang='lat' dir='ltr'><strong>Pilato</strong></span> <span class='ocrx_word' id='word_1_159' title='bbox 1103 3267 1148 3331; x_wconf 88' lang='lat' dir='ltr'><strong>J</strong></span> <span class='ocrx_word' id='word_1_160' title='bbox 1154 3266 1420 3343; x_wconf 73' lang='lat' dir='ltr'><strong>udaeam,</strong></span> <span class='ocrx_word' id='word_1_161' title='bbox 1490 3268 1835 3332; x_wconf 82' lang='lat' dir='ltr'><strong>tetrarcha</strong></span> <span class='ocrx_word' id='word_1_162' title='bbox 1899 3273 2120 3331; x_wconf 89' lang='lat' dir='ltr'><strong>autem</strong></span> <span class='ocrx_word' id='word_1_163' title='bbox 2191 3265 2473 3331; x_wconf 83' lang='lat' dir='ltr'><strong>Galilaeae</strong></span> <span class='ocrx_word' id='word_1_164' title='bbox 2541 3267 2826 3344; x_wconf 87' lang='lat' dir='ltr'><strong>Herode,</strong></span> <span class='ocrx_word' id='word_1_165' title='bbox 2905 3266 2910 3270; x_wconf 68' lang='grc'><strong><em>’</em></strong></span> 
     </span>
    </p>
   </div>
   <div class='ocr_carea' id='block_1_8' title="bbox 514 3369 2832 4269">
    <p class='ocr_par' dir='ltr' id='par_1_15' title="bbox 514 3369 2832 4269">
     <span class='ocr_line' id='line_1_29' title="bbox 515 3369 2827 3455; baseline -0.001 -20"><span class='ocrx_word' id='word_1_166' title='bbox 515 3370 821 3455; x_wconf 91' lang='lat' dir='ltr'><strong>Philippo</strong></span> <span class='ocrx_word' id='word_1_167' title='bbox 862 3375 1084 3435; x_wconf 91' lang='lat' dir='ltr'><strong>autem</strong></span> <span class='ocrx_word' id='word_1_168' title='bbox 1115 3370 1325 3434; x_wconf 86' lang='lat' dir='ltr'><strong>fratre</strong></span> <span class='ocrx_word' id='word_1_169' title='bbox 1357 3371 1503 3453; x_wconf 86' lang='lat' dir='ltr'><strong>ejus</strong></span> <span class='ocrx_word' id='word_1_170' title='bbox 1542 3371 1885 3435; x_wconf 85' lang='lat' dir='ltr'><strong>tetrarcha</strong></span> <span class='ocrx_word' id='word_1_171' title='bbox 1929 3370 2181 3434; x_wconf 82' lang='lat' dir='ltr'><strong>Ituraeae</strong></span> <span class='ocrx_word' id='word_1_172' title='bbox 2226 3376 2295 3432; x_wconf 92' lang='lat' dir='ltr'><strong>et</strong></span> <span class='ocrx_word' id='word_1_173' title='bbox 2338 3369 2827 3434; x_wconf 89' lang='lat' dir='ltr'><strong>Trachonitidis</strong></span> 
     </span>
     <span class='ocr_line' id='line_1_30' title="bbox 515 3471 2828 3559; baseline 0 -24"><span class='ocrx_word' id='word_1_174' title='bbox 515 3474 824 3559; x_wconf 87' lang='lat' dir='ltr'><strong>regionis,</strong></span> <span class='ocrx_word' id='word_1_175' title='bbox 859 3479 929 3538; x_wconf 83' lang='lat' dir='ltr'><strong>et</strong></span> <span class='ocrx_word' id='word_1_176' title='bbox 958 3473 1246 3557; x_wconf 90' lang='lat' dir='ltr'><strong>Lysania</strong></span> <span class='ocrx_word' id='word_1_177' title='bbox 1277 3472 1573 3556; x_wconf 82' lang='lat' dir='ltr'>Abylinae</span> <span class='ocrx_word' id='word_1_178' title='bbox 1612 3472 1973 3548; x_wconf 84' lang='lat' dir='ltr'><strong>tetrarcha,</strong></span> <span class='ocrx_word' id='word_1_179' title='bbox 2007 3472 2129 3535; x_wconf 90' lang='lat' dir='ltr'>sub</span> <span class='ocrx_word' id='word_1_180' title='bbox 2175 3471 2581 3555; x_wconf 89' lang='lat' dir='ltr'><strong>principibus</strong></span> <span class='ocrx_word' id='word_1_181' title='bbox 2613 3492 2828 3535; x_wconf 89' lang='lat' dir='ltr'><strong>sacer—</strong></span> 
     </span>
     <span class='ocr_line' id='line_1_31' title="bbox 516 3572 2828 3657; baseline -0.001 -19"><span class='ocrx_word' id='word_1_182' title='bbox 516 3577 742 3640; x_wconf 91' lang='lat' dir='ltr'>dotum</span> <span class='ocrx_word' id='word_1_183' title='bbox 797 3579 992 3639; x_wconf 85' lang='lat' dir='ltr'><strong>Anna</strong></span> <span class='ocrx_word' id='word_1_184' title='bbox 1043 3580 1113 3639; x_wconf 90' lang='lat' dir='ltr'><strong>et</strong></span> <span class='ocrx_word' id='word_1_185' title='bbox 1165 3573 1457 3657; x_wconf 83' lang='lat' dir='ltr'><strong>Caipha:</strong></span> <span class='ocrx_word' id='word_1_186' title='bbox 1517 3574 1768 3639; x_wconf 88' lang='lat' dir='ltr'><strong>factum</strong></span> <span class='ocrx_word' id='word_1_187' title='bbox 1830 3580 1936 3638; x_wconf 88' lang='lat' dir='ltr'><strong>est</strong></span> <span class='ocrx_word' id='word_1_188' title='bbox 1988 3574 2257 3637; x_wconf 90' lang='lat' dir='ltr'><strong>verbum</strong></span> <span class='ocrx_word' id='word_1_189' title='bbox 2309 3572 2573 3636; x_wconf 90' lang='lat' dir='ltr'>Domini</span> <span class='ocrx_word' id='word_1_190' title='bbox 2628 3594 2828 3657; x_wconf 89' lang='lat' dir='ltr'><strong>super</strong></span> 
     </span>
     <span class='ocr_line' id='line_1_32' title="bbox 514 3674 2824 3753; baseline -0.001 -12"><span class='ocrx_word' id='word_1_191' title='bbox 514 3677 909 3753; x_wconf 87' lang='lat' dir='ltr'><strong>Johannem,</strong></span> <span class='ocrx_word' id='word_1_192' title='bbox 955 3678 1289 3742; x_wconf 74' lang='lat' dir='ltr'><strong>Zachariae</strong></span> <span class='ocrx_word' id='word_1_193' title='bbox 1334 3677 1565 3753; x_wconf 86' lang='lat' dir='ltr'><strong>filium,</strong></span> <span class='ocrx_word' id='word_1_194' title='bbox 1625 3677 1693 3739; x_wconf 93' lang='lat' dir='ltr'>in</span> <span class='ocrx_word' id='word_1_195' title='bbox 1738 3676 2024 3739; x_wconf 90' lang='lat' dir='ltr'><strong>deserto.</strong></span> <span class='ocrx_word' id='word_1_196' title='bbox 2111 3675 2202 3739; x_wconf 93' lang='lat' dir='ltr'><strong>Et</strong></span> <span class='ocrx_word' id='word_1_197' title='bbox 2224 3674 2409 3739; x_wconf 85' lang='lat' dir='ltr'><strong>venit</strong></span> <span class='ocrx_word' id='word_1_198' title='bbox 2452 3676 2518 3737; x_wconf 89' lang='lat' dir='ltr'>in</span> <span class='ocrx_word' id='word_1_199' title='bbox 2565 3696 2824 3738; x_wconf 89' lang='lat' dir='ltr'><strong>omnem</strong></span> 
     </span>
     <span class='ocr_line' id='line_1_33' title="bbox 516 3777 2832 3863; baseline -0.001 -21"><span class='ocrx_word' id='word_1_200' title='bbox 516 3779 854 3863; x_wconf 83' lang='lat' dir='ltr'><strong>regionem</strong></span> <span class='ocrx_word' id='word_1_201' title='bbox 905 3779 947 3842; x_wconf 89' lang='lat' dir='ltr'><strong>J</strong></span> <span class='ocrx_word' id='word_1_202' title='bbox 952 3779 1238 3854; x_wconf 77' lang='lat' dir='ltr'><strong>ordaniS,</strong></span> <span class='ocrx_word' id='word_1_203' title='bbox 1284 3778 1650 3863; x_wconf 72' lang='lat' dir='ltr'><strong>praedicans</strong></span> <span class='ocrx_word' id='word_1_204' title='bbox 1702 3778 2103 3861; x_wconf 86' lang='lat' dir='ltr'><strong>baptismum</strong></span> <span class='ocrx_word' id='word_1_205' title='bbox 2158 3777 2554 3861; x_wconf 88' lang='lat' dir='ltr'><strong>poenitentiae</strong></span> <span class='ocrx_word' id='word_1_206' title='bbox 2606 3778 2675 3839; x_wconf 93' lang='lat' dir='ltr'>in</span> <span class='ocrx_word' id='word_1_207' title='bbox 2727 3798 2832 3841; x_wconf 90' lang='lat' dir='ltr'><strong>re-</strong></span> 
     </span>
     <span class='ocr_line' id='line_1_34' title="bbox 517 3879 2828 3964; baseline 0 -22"><span class='ocrx_word' id='word_1_208' title='bbox 517 3881 898 3944; x_wconf 89' lang='lat' dir='ltr'>missionem</span> <span class='ocrx_word' id='word_1_209' title='bbox 930 3885 1368 3964; x_wconf 90' lang='lat' dir='ltr'><strong>peccatorum.</strong></span> <span class='ocrx_word' id='word_1_210' title='bbox 1463 3879 1651 3944; x_wconf 83' lang='lat' dir='ltr'><strong>Sicut</strong></span> <span class='ocrx_word' id='word_1_211' title='bbox 1673 3879 1990 3963; x_wconf 89' lang='lat' dir='ltr'><strong>scriptum</strong></span> <span class='ocrx_word' id='word_1_212' title='bbox 2022 3885 2128 3943; x_wconf 93' lang='lat' dir='ltr'><strong>est</strong></span> <span class='ocrx_word' id='word_1_213' title='bbox 2158 3879 2225 3941; x_wconf 92' lang='lat' dir='ltr'>in</span> <span class='ocrx_word' id='word_1_214' title='bbox 2257 3879 2427 3942; x_wconf 90' lang='lat' dir='ltr'><strong>libro</strong></span> <span class='ocrx_word' id='word_1_215' title='bbox 2452 3900 2828 3943; x_wconf 89' lang='lat' dir='ltr'>sermonum</span> 
     </span>
     <span class='ocr_line' id='line_1_35' title="bbox 518 3981 2830 4066; baseline 0 -22"><span class='ocrx_word' id='word_1_216' title='bbox 518 3982 732 4046; x_wconf 84' lang='lat' dir='ltr'><strong>Esaiae</strong></span> <span class='ocrx_word' id='word_1_217' title='bbox 792 3981 1168 4066; x_wconf 74' lang='lat' dir='ltr'><strong>prophetae:</strong></span> <span class='ocrx_word' id='word_1_218' title='bbox 1229 3982 1385 4045; x_wconf 86' lang='lat' dir='ltr'><strong>Vox</strong></span> <span class='ocrx_word' id='word_1_219' title='bbox 1445 3981 1797 4046; x_wconf 83' lang='lat' dir='ltr'><strong>clamantis</strong></span> <span class='ocrx_word' id='word_1_220' title='bbox 1856 3982 1924 4044; x_wconf 90' lang='lat' dir='ltr'>in</span> <span class='ocrx_word' id='word_1_221' title='bbox 1983 3981 2289 4046; x_wconf 84' lang='lat' dir='ltr'><strong>deserto:</strong></span> <span class='ocrx_word' id='word_1_222' title='bbox 2351 3982 2593 4045; x_wconf 88' lang='lat' dir='ltr'><strong>Parate</strong></span> <span class='ocrx_word' id='word_1_223' title='bbox 2653 3982 2830 4045; x_wconf 88' lang='lat' dir='ltr'><strong>viam</strong></span> 
     </span>
     <span class='ocr_line' id='line_1_36' title="bbox 518 4082 2827 4169; baseline 0 -22"><span class='ocrx_word' id='word_1_224' title='bbox 518 4083 783 4147; x_wconf 90' lang='lat' dir='ltr'>Domini</span> <span class='ocrx_word' id='word_1_225' title='bbox 810 4105 825 4147; x_wconf 72' lang='grc' dir='ltr'><strong>ε</strong></span> <span class='ocrx_word' id='word_1_226' title='bbox 870 4091 1088 4148; x_wconf 86' lang='lat' dir='ltr'><strong>rectas</strong></span> <span class='ocrx_word' id='word_1_227' title='bbox 1119 4084 1315 4148; x_wconf 87' lang='lat' dir='ltr'><strong>facite</strong></span> <span class='ocrx_word' id='word_1_228' title='bbox 1350 4085 1627 4148; x_wconf 88' lang='lat' dir='ltr'><strong>semitas</strong></span> <span class='ocrx_word' id='word_1_229' title='bbox 1658 4083 1822 4166; x_wconf 90' lang='lat' dir='ltr'><strong>ejus.</strong></span> <span class='ocrx_word' id='word_1_230' title='bbox 1915 4082 2143 4147; x_wconf 90' lang='lat' dir='ltr'>Omnis</span> <span class='ocrx_word' id='word_1_231' title='bbox 2176 4082 2371 4148; x_wconf 87' lang='lat' dir='ltr'><strong>vallis</strong></span> <span class='ocrx_word' id='word_1_232' title='bbox 2402 4083 2827 4169; x_wconf 83' lang='lat' dir='ltr'><strong>implebitur:</strong></span> 
     </span>
     <span class='ocr_line' id='line_1_37' title="bbox 517 4185 2826 4269; baseline 0 -20"><span class='ocrx_word' id='word_1_233' title='bbox 517 4193 588 4250; x_wconf 89' lang='lat' dir='ltr'><strong>et</strong></span> <span class='ocrx_word' id='word_1_234' title='bbox 647 4186 861 4249; x_wconf 91' lang='lat' dir='ltr'>omnis</span> <span class='ocrx_word' id='word_1_235' title='bbox 921 4206 1110 4249; x_wconf 90' lang='lat' dir='ltr'>mons</span> <span class='ocrx_word' id='word_1_236' title='bbox 1171 4190 1241 4249; x_wconf 90' lang='lat' dir='ltr'><strong>et</strong></span> <span class='ocrx_word' id='word_1_237' title='bbox 1300 4185 1493 4249; x_wconf 90' lang='lat' dir='ltr'><strong>collis</strong></span> <span class='ocrx_word' id='word_1_238' title='bbox 1545 4185 2047 4251; x_wconf 84' lang='lat' dir='ltr'><strong>humiliabitur:</strong></span> <span class='ocrx_word' id='word_1_239' title='bbox 2108 4190 2178 4249; x_wconf 92' lang='lat' dir='ltr'><strong>et</strong></span> <span class='ocrx_word' id='word_1_240' title='bbox 2236 4191 2432 4249; x_wconf 92' lang='lat' dir='ltr'><strong>erunt</strong></span> <span class='ocrx_word' id='word_1_241' title='bbox 2492 4206 2699 4269; x_wconf 86' lang='lat' dir='ltr'><strong>prava</strong></span> <span class='ocrx_word' id='word_1_242' title='bbox 2758 4190 2826 4250; x_wconf 92' lang='lat' dir='ltr'>in</span> 
     </span>
    </p>
   </div>
   <div class='ocr_carea' id='block_1_9' title="bbox 512 4290 2826 4477">
    <p class='ocr_par' dir='ltr' id='par_1_16' title="bbox 512 4290 2826 4477">
     <span class='ocr_line' id='line_1_38' title="bbox 512 4290 2826 4375; baseline 0.002 -23"><span class='ocrx_word' id='word_1_243' title='bbox 512 4292 784 4366; x_wconf 87' lang='lat' dir='ltr'><strong>directa,</strong></span> <span class='ocrx_word' id='word_1_244' title='bbox 845 4299 916 4354; x_wconf 92' lang='lat' dir='ltr'><strong>et</strong></span> <span class='ocrx_word' id='word_1_245' title='bbox 974 4311 1213 4373; x_wconf 87' lang='lat' dir='ltr'><strong>aspera</strong></span> <span class='ocrx_word' id='word_1_246' title='bbox 1273 4290 1339 4353; x_wconf 89' lang='lat' dir='ltr'>in</span> <span class='ocrx_word' id='word_1_247' title='bbox 1403 4290 1547 4354; x_wconf 87' lang='lat' dir='ltr'><strong>vias</strong></span> <span class='ocrx_word' id='word_1_248' title='bbox 1607 4290 1891 4375; x_wconf 86' lang='lat' dir='ltr'><strong>planas:</strong></span> <span class='ocrx_word' id='word_1_249' title='bbox 1962 4298 2031 4354; x_wconf 92' lang='lat' dir='ltr'><strong>et</strong></span> <span class='ocrx_word' id='word_1_250' title='bbox 2091 4290 2338 4355; x_wconf 88' lang='lat' dir='ltr'><strong>videbit</strong></span> <span class='ocrx_word' id='word_1_251' title='bbox 2400 4293 2612 4355; x_wconf 92' lang='lat' dir='ltr'>omnis</span> <span class='ocrx_word' id='word_1_252' title='bbox 2673 4314 2826 4356; x_wconf 88' lang='lat' dir='ltr'><strong>caro</strong></span> 
     </span>
     <span class='ocr_line' id='line_1_39' title="bbox 516 4391 1630 4477; baseline -0.002 -21"><span class='ocrx_word' id='word_1_253' title='bbox 516 4393 809 4457; x_wconf 84' lang='lat' dir='ltr'><strong>salutare</strong></span> <span class='ocrx_word' id='word_1_254' title='bbox 840 4392 986 4455; x_wconf 85' lang='lat' dir='ltr'><strong>Dei.</strong></span> <span class='ocrx_word' id='word_1_255' title='bbox 1035 4392 1131 4477; x_wconf 86' lang='lat' dir='ltr'><strong>(S.</strong></span> <span class='ocrx_word' id='word_1_256' title='bbox 1164 4391 1319 4456; x_wconf 92' lang='lat' dir='ltr'><strong>Luc.</strong></span> <span class='ocrx_word' id='word_1_257' title='bbox 1353 4393 1442 4455; x_wconf 93' lang='lat' dir='ltr'><strong>iii.</strong></span> <span class='ocrx_word' id='word_1_258' title='bbox 1477 4393 1630 4476; x_wconf 84' lang='lat'>1-6)</span> 
     </span>
    </p>
   </div>
  </div>
 </body>
</html>
