3117 5025
957 382 1061 446 De
1102 383 1571 448 Celebratione
1602 385 1989 467 Pontificis.
2599 389 2639 450 5

405 550 771 633 Sequatur.
863 554 1070 637 Kyrie
1104 553 1376 618 eleison.
1454 555 1718 620 Christe
1749 556 2021 621 eleison.
2098 556 2306 642 Kyrie
2340 557 2613 622 eleison.

404 653 605 717 Pater
635 661 882 719 noster.
975 657 1063 720 Et
1092 679 1175 720 ne
1208 679 1347 721 nos.

400 755 874 821 Benedicamus
907 759 1171 823 Patrem
1209 765 1278 823 et
1307 759 1550 823 Filium
1583 781 1729 825 cum
1762 760 2003 825 Sancto
2036 761 2308 844 Spiritu.

488 858 864 923 Laudemus
897 865 966 923 et
998 861 1569 944 superexaltemus
1600 882 1747 925 eum
1780 863 1847 926 in
1880 862 2134 927 saecula.

407 959 802 1025 Benedictus
834 983 907 1025 es
938 963 1006 1024 in
1038 964 1452 1028 firmamento
1484 962 1627 1027 coeli
1656 987 1671 1040 ;

489 1062 874 1127 Laudabilis
906 1070 976 1128 et
1005 1064 1358 1150 gloriosus.

403 1163 759 1229 Benedicat
786 1171 856 1231 et
885 1165 1236 1231 custodiat.

403 1264 557 1327 Non
586 1266 816 1331 intres.

403 1366 680 1431 Domine
720 1369 895 1433 Deus
925 1370 1268 1435 virtutum.

401 1467 681 1533 Domine
716 1463 987 1535 exaudis

402 1571 722 1636 Dominus
754 1575 1108 1638 vobiscum.

404 1675 701 1739 Oremus.

408 1782 666 1846 Oratio,
756 1777 958 1854 Deus,
990 1778 1102 1861 qui
1148 1779 1362 1843 tribus
1393 1779 1617 1862 pueris
1647 1780 1972 1861 mitigasti
2002 1780 2303 1844 flammas
2346 1779 2619 1864 ignium,

318 1883 594 1948 concede
628 1885 704 1945 ut
731 1901 854 1943 nos
882 1880 1167 1944 famulos
1198 1885 1351 1943 tuos
1384 1902 1514 1943 non
1549 1887 1788 1945 exurat
1818 1882 2084 1945 flamma
2114 1882 2447 1945 vitiorum.

404 1987 541 2050 Ure
602 1984 754 2068 igne
820 1982 1044 2045 Sancti
1106 1981 1392 2066 Spiritus
1443 2004 1637 2046 renes
1691 1989 1955 2047 nostros
2016 1990 2085 2047 et
2137 2005 2250 2047 cor
2300 1990 2622 2061 nostrum,

315 2089 616 2162 Domine,
679 2091 755 2149 ut
810 2084 931 2148 tibi
994 2090 1178 2147 casto
1239 2106 1510 2170 corpore
1575 2086 1940 2150 serviamus
2001 2092 2070 2149 et
2129 2087 2371 2149 mundo
2432 2086 2623 2149 corde

319 2192 719 2275 placeamus.

405 2294 720 2357 Actiones
762 2294 1044 2363 nostraS‚
1077 2309 1470 2372 quaesumus,
1499 2288 1800 2366 Domine,
1832 2290 2184 2375 aspirando
2229 2290 2513 2374 praeveni
2561 2297 2629 2352 et

318 2394 690 2479 adjuvando
723 2411 1142 2476 prosequere,
1176 2396 1249 2453 ut
1293 2397 1530 2455 cuncta
1576 2397 1806 2455 nostra
1851 2392 2148 2475 operatio
2180 2413 2222 2455 a
2251 2398 2319 2455 te
2367 2413 2627 2474 semper

317 2499 592 2583 incipiat
621 2502 689 2560 et
734 2516 853 2578 per
883 2500 946 2558 te
994 2500 1206 2577 coepta
1248 2493 1536 2558 finiatur.
1627 2504 1691 2558 et
1718 2495 2031 2577 finiatur,
2120 2494 2250 2559 Per
2290 2492 2621 2558 Christum

321 2602 672 2666 Dominum
707 2606 1026 2663 nostrum.
1119 2599 1347 2659 Amen.
