<?xml version="1.0" encoding="UTF-8"?>
<!DOCTYPE html PUBLIC "-//W3C//DTD XHTML 1.0 Transitional//EN"
    "http://www.w3.org/TR/xhtml1/DTD/xhtml1-transitional.dtd">
<html xmlns="http://www.w3.org/1999/xhtml" xml:lang="en" lang="en">
 <head>
  <title>
</title>
<meta http-equiv="Content-Type" content="text/html;charset=utf-8" />
  <meta name='ocr-system' content='tesseract 3.04.00' />
  <meta name='ocr-capabilities' content='ocr_page ocr_carea ocr_par ocr_line ocrx_word'/>
</head>
<body>
  <div class='ocr_page' id='page_1' title='image "./liberpontifical00hendgoog_0430.png"; bbox 0 0 3117 5025; ppageno 0'>
   <div class='ocr_carea' id='block_1_1' title="bbox 463 358 2151 445">
    <p class='ocr_par' dir='ltr' id='par_1_1' title="bbox 463 358 2151 445">
     <span class='ocr_line' id='line_1_1' title="bbox 463 358 2151 445; baseline 0 -24"><span class='ocrx_word' id='word_1_1' title='bbox 463 358 590 425; x_wconf 80' lang='lat'>378</span> <span class='ocrx_word' id='word_1_2' title='bbox 1071 362 1574 426; x_wconf 74' lang='lat' dir='ltr'>luthronizatio</span> <span class='ocrx_word' id='word_1_3' title='bbox 1613 360 2151 445; x_wconf 65' lang='lat' dir='ltr'>archiepiscopi.</span> 
     </span>
    </p>
   </div>
   <div class='ocr_carea' id='block_1_2' title="bbox 555 639 1979 914">
    <p class='ocr_par' dir='ltr' id='par_1_2' title="bbox 555 639 1979 914">
     <span class='ocr_line' id='line_1_2' title="bbox 1520 639 1703 727; baseline 0 -24"><span class='ocrx_word' id='word_1_4' title='bbox 1520 639 1703 727; x_wconf 90' lang='grc' dir='ltr'>(ΙΙΙ.)</span> 
     </span>
     <span class='ocr_line' id='line_1_3' title="bbox 555 824 1979 914; baseline 0 -24"><span class='ocrx_word' id='word_1_5' title='bbox 555 827 763 890; x_wconf 79' lang='lat' dir='ltr'>From</span> <span class='ocrx_word' id='word_1_6' title='bbox 796 849 842 890; x_wconf 88' lang='lat' dir='ltr'>a</span> <span class='ocrx_word' id='word_1_7' title='bbox 874 824 1189 913; x_wconf 69' lang='lat' dir='ltr'>Reqiister</span> <span class='ocrx_word' id='word_1_8' title='bbox 1219 834 1300 914; x_wconf 86' lang='lat' dir='ltr'>os</span> <span class='ocrx_word' id='word_1_9' title='bbox 1318 832 1426 896; x_wconf 74' lang='lat' dir='ltr'>the</span> <span class='ocrx_word' id='word_1_10' title='bbox 1457 831 1622 896; x_wconf 68' lang='lat' dir='ltr'>oevtlz</span> <span class='ocrx_word' id='word_1_11' title='bbox 1659 833 1979 913; x_wconf 76' lang='lat' dir='ltr'>Century.</span> 
     </span>
    </p>
   </div>
   <div class='ocr_carea' id='block_1_3' title="bbox 465 999 2789 2459">
    <p class='ocr_par' dir='ltr' id='par_1_3' title="bbox 465 999 2782 1621">
     <span class='ocr_line' id='line_1_4' title="bbox 551 999 2766 1105; baseline -0.006 -27"><span class='ocrx_word' id='word_1_12' title='bbox 551 1016 887 1101; x_wconf 82' lang='lat' dir='ltr'>Imprimis</span> <span class='ocrx_word' id='word_1_13' title='bbox 931 1017 1239 1083; x_wconf 89' lang='lat' dir='ltr'>dominus</span> <span class='ocrx_word' id='word_1_14' title='bbox 1283 1020 1847 1105; x_wconf 88' lang='lat' dir='ltr'>Archiepiscopus</span> <span class='ocrx_word' id='word_1_15' title='bbox 1894 999 2188 1102; x_wconf 86' lang='lat' dir='ltr'>propriis</span> <span class='ocrx_word' id='word_1_16' title='bbox 2231 1009 2511 1076; x_wconf 85' lang='lat' dir='ltr'>indutus</span> <span class='ocrx_word' id='word_1_17' title='bbox 2557 1001 2766 1068; x_wconf 84' lang='lat' dir='ltr'>vesti-</span> 
     </span>
     <span class='ocr_line' id='line_1_5' title="bbox 465 1107 2782 1208; baseline -0.007 -24"><span class='ocrx_word' id='word_1_18' title='bbox 465 1119 591 1184; x_wconf 89' lang='lat' dir='ltr'>bus</span> <span class='ocrx_word' id='word_1_19' title='bbox 644 1140 686 1183; x_wconf 84' lang='lat' dir='ltr'>a</span> <span class='ocrx_word' id='word_1_20' title='bbox 744 1119 1016 1201; x_wconf 67' lang='lat' dir='ltr'>Decano</span> <span class='ocrx_word' id='word_1_21' title='bbox 1078 1127 1148 1186; x_wconf 90' lang='lat' dir='ltr'>et</span> <span class='ocrx_word' id='word_1_22' title='bbox 1208 1122 1505 1208; x_wconf 86' lang='lat' dir='ltr'>capitulo</span> <span class='ocrx_word' id='word_1_23' title='bbox 1559 1145 1710 1187; x_wconf 91' lang='lat' dir='ltr'>cum</span> <span class='ocrx_word' id='word_1_24' title='bbox 1765 1122 2012 1188; x_wconf 87' lang='lat' dir='ltr'>ceteris</span> <span class='ocrx_word' id='word_1_25' title='bbox 2065 1116 2394 1182; x_wconf 74' lang='lat' dir='ltr'>ministris</span> <span class='ocrx_word' id='word_1_26' title='bbox 2454 1107 2782 1174; x_wconf 69' lang='lat' dir='ltr'>Ecclesiae·</span> 
     </span>
     <span class='ocr_line' id='line_1_6' title="bbox 468 1208 2770 1313; baseline -0.003 -26"><span class='ocrx_word' id='word_1_27' title='bbox 468 1223 667 1287; x_wconf 89' lang='lat' dir='ltr'>Ebor.</span> <span class='ocrx_word' id='word_1_28' title='bbox 700 1245 778 1287; x_wconf 91' lang='lat' dir='ltr'>ac</span> <span class='ocrx_word' id='word_1_29' title='bbox 822 1223 1001 1289; x_wconf 88' lang='lat' dir='ltr'>clero</span> <span class='ocrx_word' id='word_1_30' title='bbox 1046 1232 1186 1291; x_wconf 91' lang='lat' dir='ltr'>tam</span> <span class='ocrx_word' id='word_1_31' title='bbox 1231 1228 1702 1313; x_wconf 88' lang='lat' dir='ltr'>religiosorum</span> <span class='ocrx_word' id='word_1_32' title='bbox 1734 1222 1933 1311; x_wconf 83' lang='lat' dir='ltr'>quam</span> <span class='ocrx_word' id='word_1_33' title='bbox 1982 1220 2385 1288; x_wconf 78' lang='lat' dir='ltr'>secularium</span> <span class='ocrx_word' id='word_1_34' title='bbox 2416 1220 2487 1279; x_wconf 84' lang='lat' dir='ltr'>et</span> <span class='ocrx_word' id='word_1_35' title='bbox 2523 1208 2770 1297; x_wconf 87' lang='lat' dir='ltr'>populo</span> 
     </span>
     <span class='ocr_line' id='line_1_7' title="bbox 467 1314 2771 1413; baseline -0.005 -25"><span class='ocrx_word' id='word_1_36' title='bbox 467 1326 766 1390; x_wconf 86' lang='lat' dir='ltr'>civitatis</span> <span class='ocrx_word' id='word_1_37' title='bbox 810 1326 1012 1392; x_wconf 89' lang='lat' dir='ltr'>Ebor.</span> <span class='ocrx_word' id='word_1_38' title='bbox 1063 1339 1263 1413; x_wconf 86' lang='lat' dir='ltr'>prout</span> <span class='ocrx_word' id='word_1_39' title='bbox 1308 1332 1516 1396; x_wconf 89' lang='lat' dir='ltr'>moris</span> <span class='ocrx_word' id='word_1_40' title='bbox 1570 1336 1697 1409; x_wconf 85' lang='lat' dir='ltr'>est,</span> <span class='ocrx_word' id='word_1_41' title='bbox 1744 1330 1829 1395; x_wconf 92' lang='lat' dir='ltr'>ad</span> <span class='ocrx_word' id='word_1_42' title='bbox 1880 1327 2206 1413; x_wconf 82' lang='lat' dir='ltr'>capellam</span> <span class='ocrx_word' id='word_1_43' title='bbox 2256 1320 2483 1386; x_wconf 82' lang='lat' dir='ltr'>Sancti</span> <span class='ocrx_word' id='word_1_44' title='bbox 2532 1314 2771 1380; x_wconf 87' lang='lat' dir='ltr'>Jacobi</span> 
     </span>
     <span class='ocr_line' id='line_1_8' title="bbox 471 1420 2776 1520; baseline -0.002 -27"><span class='ocrx_word' id='word_1_45' title='bbox 471 1434 666 1495; x_wconf 84' lang='lat' dir='ltr'>extra</span> <span class='ocrx_word' id='word_1_46' title='bbox 696 1452 925 1497; x_wconf 89' lang='lat' dir='ltr'>muros</span> <span class='ocrx_word' id='word_1_47' title='bbox 956 1432 1160 1498; x_wconf 90' lang='lat' dir='ltr'>Ebor.</span> <span class='ocrx_word' id='word_1_48' title='bbox 1194 1435 1512 1500; x_wconf 78' lang='lat' dir='ltr'>situatam</span> <span class='ocrx_word' id='word_1_49' title='bbox 1538 1435 1733 1520; x_wconf 89' lang='lat' dir='ltr'>quasi</span> <span class='ocrx_word' id='word_1_50' title='bbox 1763 1435 1944 1498; x_wconf 91' lang='lat' dir='ltr'>inter</span> <span class='ocrx_word' id='word_1_51' title='bbox 1962 1434 2195 1497; x_wconf 88' lang='lat' dir='ltr'>horam</span> <span class='ocrx_word' id='word_1_52' title='bbox 2227 1429 2268 1492; x_wconf 89' lang='grc'><strong>6</strong></span> <span class='ocrx_word' id='word_1_53' title='bbox 2300 1432 2368 1491; x_wconf 88' lang='lat' dir='ltr'>et</span> <span class='ocrx_word' id='word_1_54' title='bbox 2398 1425 2437 1491; x_wconf 92' lang='lat'><strong>7</strong></span> <span class='ocrx_word' id='word_1_55' title='bbox 2470 1420 2776 1507; x_wconf 85' lang='lat' dir='ltr'>ejusdem</span> 
     </span>
     <span class='ocr_line' id='line_1_9' title="bbox 474 1534 2234 1621; baseline 0.001 -24"><span class='ocrx_word' id='word_1_56' title='bbox 474 1534 604 1598; x_wconf 88' lang='lat' dir='ltr'>diei</span> <span class='ocrx_word' id='word_1_57' title='bbox 639 1536 1232 1619; x_wconf 79' lang='lat' dir='ltr'>processionaliter</span> <span class='ocrx_word' id='word_1_58' title='bbox 1263 1545 1330 1603; x_wconf 88' lang='lat' dir='ltr'>et</span> <span class='ocrx_word' id='word_1_59' title='bbox 1362 1539 1724 1603; x_wconf 82' lang='lat' dir='ltr'>honorifice</span> <span class='ocrx_word' id='word_1_60' title='bbox 1759 1542 1868 1603; x_wconf 90' lang='lat' dir='ltr'>est</span> <span class='ocrx_word' id='word_1_61' title='bbox 1898 1540 2234 1621; x_wconf 89' lang='lat' dir='ltr'>receptus.</span> 
     </span>
    </p>

    <p class='ocr_par' dir='ltr' id='par_1_4' title="bbox 476 1628 2789 2459">
     <span class='ocr_line' id='line_1_10' title="bbox 564 1628 2781 1728; baseline -0.005 -26"><span class='ocrx_word' id='word_1_62' title='bbox 564 1638 668 1702; x_wconf 95' lang='lat' dir='ltr'>Ad</span> <span class='ocrx_word' id='word_1_63' title='bbox 727 1640 919 1723; x_wconf 88' lang='lat' dir='ltr'>cujus</span> <span class='ocrx_word' id='word_1_64' title='bbox 988 1641 1261 1726; x_wconf 85' lang='lat' dir='ltr'>capellae</span> <span class='ocrx_word' id='word_1_65' title='bbox 1329 1643 1683 1708; x_wconf 83' lang='lat' dir='ltr'>introitum</span> <span class='ocrx_word' id='word_1_66' title='bbox 1751 1642 2074 1728; x_wconf 71' lang='lat' dir='ltr'>praefatus</span> <span class='ocrx_word' id='word_1_67' title='bbox 2141 1636 2471 1702; x_wconf 89' lang='lat' dir='ltr'>Dominus</span> <span class='ocrx_word' id='word_1_68' title='bbox 2540 1628 2781 1693; x_wconf 88' lang='lat' dir='ltr'>Archi-</span> 
     </span>
     <span class='ocr_line' id='line_1_11' title="bbox 478 1742 2776 1831; baseline -0.002 -27"><span class='ocrx_word' id='word_1_69' title='bbox 478 1742 829 1828; x_wconf 89' lang='lat' dir='ltr'>episcopus</span> <span class='ocrx_word' id='word_1_70' title='bbox 889 1765 931 1808; x_wconf 84' lang='lat' dir='ltr'>a</span> <span class='ocrx_word' id='word_1_71' title='bbox 978 1745 1246 1809; x_wconf 92' lang='lat' dir='ltr'>domino</span> <span class='ocrx_word' id='word_1_72' title='bbox 1298 1745 1573 1811; x_wconf 88' lang='lat' dir='ltr'>Decano</span> <span class='ocrx_word' id='word_1_73' title='bbox 1636 1752 1707 1810; x_wconf 91' lang='lat' dir='ltr'>et</span> <span class='ocrx_word' id='word_1_74' title='bbox 1756 1744 2073 1831; x_wconf 88' lang='lat' dir='ltr'>Capitulo</span> <span class='ocrx_word' id='word_1_75' title='bbox 2138 1742 2248 1826; x_wconf 89' lang='lat' dir='ltr'>qui</span> <span class='ocrx_word' id='word_1_76' title='bbox 2296 1761 2417 1824; x_wconf 92' lang='lat' dir='ltr'>pro</span> <span class='ocrx_word' id='word_1_77' title='bbox 2472 1743 2776 1819; x_wconf 72' lang='lat' dir='ltr'>tempore</span> 
     </span>
     <span class='ocr_line' id='line_1_12' title="bbox 476 1839 2775 1935; baseline -0.004 -27"><span class='ocrx_word' id='word_1_78' title='bbox 476 1853 839 1930; x_wconf 71' lang='lat' dir='ltr'>praesentes</span> <span class='ocrx_word' id='word_1_79' title='bbox 882 1847 1155 1925; x_wconf 88' lang='lat' dir='ltr'>fuerint,</span> <span class='ocrx_word' id='word_1_80' title='bbox 1200 1851 1580 1935; x_wconf 85' lang='lat' dir='ltr'>aspersorio</span> <span class='ocrx_word' id='word_1_81' title='bbox 1626 1872 1668 1915; x_wconf 84' lang='lat' dir='ltr'>a</span> <span class='ocrx_word' id='word_1_82' title='bbox 1711 1851 1888 1917; x_wconf 87' lang='lat' dir='ltr'>dicto</span> <span class='ocrx_word' id='word_1_83' title='bbox 1932 1848 2197 1912; x_wconf 92' lang='lat' dir='ltr'>domino</span> <span class='ocrx_word' id='word_1_84' title='bbox 2243 1845 2512 1909; x_wconf 86' lang='lat' dir='ltr'>Decauo</span> <span class='ocrx_word' id='word_1_85' title='bbox 2559 1839 2775 1903; x_wconf 89' lang='lat' dir='ltr'>eidem</span> 
     </span>
     <span class='ocr_line' id='line_1_13' title="bbox 477 1944 2778 2039; baseline -0.003 -28"><span class='ocrx_word' id='word_1_86' title='bbox 477 1948 745 2014; x_wconf 90' lang='lat' dir='ltr'>domino</span> <span class='ocrx_word' id='word_1_87' title='bbox 777 1951 1294 2039; x_wconf 90' lang='lat' dir='ltr'>Archiepiscopo</span> <span class='ocrx_word' id='word_1_88' title='bbox 1327 1955 1579 2019; x_wconf 88' lang='lat' dir='ltr'>tradito</span> <span class='ocrx_word' id='word_1_89' title='bbox 1611 1959 1682 2019; x_wconf 92' lang='lat' dir='ltr'>et</span> <span class='ocrx_word' id='word_1_90' title='bbox 1706 1974 1979 2039; x_wconf 90' lang='lat' dir='ltr'>asperso</span> <span class='ocrx_word' id='word_1_91' title='bbox 2010 1961 2082 2016; x_wconf 91' lang='lat' dir='ltr'>et</span> <span class='ocrx_word' id='word_1_92' title='bbox 2111 1950 2523 2021; x_wconf 87' lang='lat' dir='ltr'>thurificato,</span> <span class='ocrx_word' id='word_1_93' title='bbox 2550 1944 2778 2007; x_wconf 87' lang='lat' dir='ltr'>subse-</span> 
     </span>
     <span class='ocr_line' id='line_1_14' title="bbox 478 2046 2788 2144; baseline -0.002 -30"><span class='ocrx_word' id='word_1_94' title='bbox 478 2061 778 2136; x_wconf 90' lang='lat' dir='ltr'>quuntur</span> <span class='ocrx_word' id='word_1_95' title='bbox 807 2076 850 2119; x_wconf 85' lang='lat' dir='ltr'>a</span> <span class='ocrx_word' id='word_1_96' title='bbox 879 2057 1140 2141; x_wconf 88' lang='lat' dir='ltr'>capella</span> <span class='ocrx_word' id='word_1_97' title='bbox 1183 2057 1503 2142; x_wconf 86' lang='lat' dir='ltr'>praedicta</span> <span class='ocrx_word' id='word_1_98' title='bbox 1535 2059 1733 2122; x_wconf 91' lang='lat' dir='ltr'>nudis</span> <span class='ocrx_word' id='word_1_99' title='bbox 1782 2054 2073 2143; x_wconf 87' lang='lat' dir='ltr'>pedibus</span> <span class='ocrx_word' id='word_1_100' title='bbox 2107 2054 2199 2140; x_wconf 88' lang='lat' dir='ltr'>(si</span> <span class='ocrx_word' id='word_1_101' title='bbox 2230 2058 2498 2135; x_wconf 89' lang='lat' dir='ltr'>tempus</span> <span class='ocrx_word' id='word_1_102' title='bbox 2531 2069 2659 2111; x_wconf 93' lang='lat' dir='ltr'>non</span> <span class='ocrx_word' id='word_1_103' title='bbox 2697 2046 2788 2144; x_wconf 82' lang='lat' dir='ltr'>sit</span> 
     </span>
     <span class='ocr_line' id='line_1_15' title="bbox 480 2153 2789 2248; baseline -0.002 -29"><span class='ocrx_word' id='word_1_104' title='bbox 480 2157 889 2245; x_wconf 78' lang='lat' dir='ltr'>pluviosam)</span> <span class='ocrx_word' id='word_1_105' title='bbox 920 2162 1333 2246; x_wconf 84' lang='lat' dir='ltr'>praecedente</span> <span class='ocrx_word' id='word_1_106' title='bbox 1380 2163 1561 2226; x_wconf 92' lang='lat' dir='ltr'>clero</span> <span class='ocrx_word' id='word_1_107' title='bbox 1608 2185 1687 2228; x_wconf 91' lang='lat' dir='ltr'>ac</span> <span class='ocrx_word' id='word_1_108' title='bbox 1731 2163 2070 2248; x_wconf 86' lang='lat' dir='ltr'>religiosis</span> <span class='ocrx_word' id='word_1_109' title='bbox 2116 2159 2413 2224; x_wconf 85' lang='lat' dir='ltr'>civitatis</span> <span class='ocrx_word' id='word_1_110' title='bbox 2459 2153 2789 2240; x_wconf 73' lang='lat' dir='ltr'>praedictae</span> 
     </span>
     <span class='ocr_line' id='line_1_16' title="bbox 481 2260 2781 2353; baseline 0 -29"><span class='ocrx_word' id='word_1_111' title='bbox 481 2284 738 2327; x_wconf 89' lang='lat' dir='ltr'>necnon</span> <span class='ocrx_word' id='word_1_112' title='bbox 792 2266 1121 2330; x_wconf 79' lang='lat' dir='ltr'>ministris</span> <span class='ocrx_word' id='word_1_113' title='bbox 1174 2266 1491 2331; x_wconf 72' lang='lat' dir='ltr'>Ecclesiae</span> <span class='ocrx_word' id='word_1_114' title='bbox 1549 2268 1746 2333; x_wconf 90' lang='lat' dir='ltr'>Ebor.</span> <span class='ocrx_word' id='word_1_115' title='bbox 1803 2263 2393 2353; x_wconf 80' lang='lat' dir='ltr'>processionaliter</span> <span class='ocrx_word' id='word_1_116' title='bbox 2454 2260 2781 2326; x_wconf 85' lang='lat' dir='ltr'>ordinatis</span> 
     </span>
     <span class='ocr_line' id='line_1_17' title="bbox 482 2365 2781 2459; baseline -0.001 -29"><span class='ocrx_word' id='word_1_117' title='bbox 482 2375 559 2431; x_wconf 87' lang='lat' dir='ltr'>ut</span> <span class='ocrx_word' id='word_1_118' title='bbox 631 2376 740 2433; x_wconf 89' lang='lat' dir='ltr'>est</span> <span class='ocrx_word' id='word_1_119' title='bbox 804 2371 1028 2448; x_wconf 91' lang='lat' dir='ltr'>moris,</span> <span class='ocrx_word' id='word_1_120' title='bbox 1098 2372 1282 2456; x_wconf 89' lang='lat' dir='ltr'>capis</span> <span class='ocrx_word' id='word_1_121' title='bbox 1350 2373 1673 2459; x_wconf 88' lang='lat' dir='ltr'>pretiosis</span> <span class='ocrx_word' id='word_1_122' title='bbox 1741 2373 2005 2436; x_wconf 89' lang='lat' dir='ltr'>indutis</span> <span class='ocrx_word' id='word_1_123' title='bbox 2082 2370 2140 2434; x_wconf 91' lang='lat' dir='ltr'>si</span> <span class='ocrx_word' id='word_1_124' title='bbox 2209 2376 2478 2451; x_wconf 87' lang='lat' dir='ltr'>tempus</span> <span class='ocrx_word' id='word_1_125' title='bbox 2546 2365 2781 2450; x_wconf 85' lang='lat' dir='ltr'>exigit,</span> 
     </span>
    </p>
   </div>
   <div class='ocr_carea' id='block_1_4' title="bbox 370 2471 2779 2564">
    <p class='ocr_par' dir='ltr' id='par_1_5' title="bbox 370 2471 2779 2564">
     <span class='ocr_line' id='line_1_18' title="bbox 370 2471 2779 2564; baseline -0.001 -27"><span class='ocrx_word' id='word_1_126' title='bbox 370 2545 376 2551; x_wconf 88' lang='lat'><strong>.</strong></span> <span class='ocrx_word' id='word_1_127' title='bbox 481 2474 958 2540; x_wconf 88' lang='lat' dir='ltr'>comitantibus</span> <span class='ocrx_word' id='word_1_128' title='bbox 991 2477 1350 2543; x_wconf 87' lang='lat' dir='ltr'>abbatibus</span> <span class='ocrx_word' id='word_1_129' title='bbox 1397 2484 1465 2543; x_wconf 91' lang='lat' dir='ltr'>et</span> <span class='ocrx_word' id='word_1_130' title='bbox 1496 2478 1840 2564; x_wconf 84' lang='lat' dir='ltr'>prioribus</span> <span class='ocrx_word' id='word_1_131' title='bbox 1887 2497 1965 2543; x_wconf 88' lang='lat' dir='ltr'>ac</span> <span class='ocrx_word' id='word_1_132' title='bbox 1998 2475 2155 2542; x_wconf 89' lang='lat' dir='ltr'>aliis</span> <span class='ocrx_word' id='word_1_133' title='bbox 2185 2471 2483 2559; x_wconf 73' lang='lat' dir='ltr'>praelatis</span> <span class='ocrx_word' id='word_1_134' title='bbox 2529 2471 2779 2536; x_wconf 86' lang='lat' dir='ltr'>Ebora-</span> 
     </span>
    </p>
   </div>
   <div class='ocr_carea' id='block_1_5' title="bbox 481 2580 2801 4444">
    <p class='ocr_par' dir='ltr' id='par_1_6' title="bbox 481 2580 2801 4025">
     <span class='ocr_line' id='line_1_19' title="bbox 484 2580 2783 2669; baseline -0 -27"><span class='ocrx_word' id='word_1_135' title='bbox 484 2580 703 2644; x_wconf 91' lang='lat' dir='ltr'>censis</span> <span class='ocrx_word' id='word_1_136' title='bbox 776 2582 1163 2661; x_wconf 87' lang='lat' dir='ltr'>Dioceseos,</span> <span class='ocrx_word' id='word_1_137' title='bbox 1240 2585 1354 2668; x_wconf 92' lang='lat' dir='ltr'>qui</span> <span class='ocrx_word' id='word_1_138' title='bbox 1429 2606 1549 2669; x_wconf 87' lang='lat' dir='ltr'>pro</span> <span class='ocrx_word' id='word_1_139' title='bbox 1626 2591 1927 2669; x_wconf 90' lang='lat' dir='ltr'>tempore</span> <span class='ocrx_word' id='word_1_140' title='bbox 2018 2582 2467 2667; x_wconf 89' lang='lat' dir='ltr'>personaliter</span> <span class='ocrx_word' id='word_1_141' title='bbox 2543 2580 2783 2643; x_wconf 87' lang='lat' dir='ltr'>adesse</span> 
     </span>
     <span class='ocr_line' id='line_1_20' title="bbox 482 2685 2782 2771; baseline -0.001 -23"><span class='ocrx_word' id='word_1_142' title='bbox 482 2685 902 2771; x_wconf 90' lang='lat' dir='ltr'>contingunt,</span> <span class='ocrx_word' id='word_1_143' title='bbox 976 2688 1062 2752; x_wconf 90' lang='lat' dir='ltr'>ad</span> <span class='ocrx_word' id='word_1_144' title='bbox 1132 2687 1500 2752; x_wconf 88' lang='lat' dir='ltr'>Ecclesiam</span> <span class='ocrx_word' id='word_1_145' title='bbox 1574 2710 1763 2752; x_wconf 90' lang='lat' dir='ltr'>suam</span> <span class='ocrx_word' id='word_1_146' title='bbox 1828 2687 2302 2751; x_wconf 74' lang='lat' dir='ltr'>cathedralem</span> <span class='ocrx_word' id='word_1_147' title='bbox 2377 2685 2782 2770; x_wconf 88' lang='lat' dir='ltr'>procedebit‚</span> 
     </span>
     <span class='ocr_line' id='line_1_21' title="bbox 481 2787 2781 2876; baseline -0 -23"><span class='ocrx_word' id='word_1_148' title='bbox 481 2787 690 2874; x_wconf 84' lang='lat' dir='ltr'>pallio</span> <span class='ocrx_word' id='word_1_149' title='bbox 750 2813 870 2876; x_wconf 90' lang='lat' dir='ltr'>pro</span> <span class='ocrx_word' id='word_1_150' title='bbox 930 2792 1184 2858; x_wconf 89' lang='lat' dir='ltr'>feretro</span> <span class='ocrx_word' id='word_1_151' title='bbox 1247 2793 1478 2858; x_wconf 84' lang='lat' dir='ltr'>Sancti</span> <span class='ocrx_word' id='word_1_152' title='bbox 1540 2791 1874 2856; x_wconf 92' lang='lat' dir='ltr'>Willelmi</span> <span class='ocrx_word' id='word_1_153' title='bbox 1937 2792 2247 2856; x_wconf 86' lang='lat' dir='ltr'>ordinato</span> <span class='ocrx_word' id='word_1_154' title='bbox 2311 2811 2518 2875; x_wconf 88' lang='lat' dir='ltr'>supra</span> <span class='ocrx_word' id='word_1_155' title='bbox 2578 2793 2781 2873; x_wconf 86' lang='lat' dir='ltr'>caput</span> 
     </span>
     <span class='ocr_line' id='line_1_22' title="bbox 487 2894 2786 2983; baseline -0 -25"><span class='ocrx_word' id='word_1_156' title='bbox 487 2895 785 2978; x_wconf 89' lang='lat' dir='ltr'>ejusdem</span> <span class='ocrx_word' id='word_1_157' title='bbox 842 2897 1093 2961; x_wconf 91' lang='lat' dir='ltr'>domini</span> <span class='ocrx_word' id='word_1_158' title='bbox 1152 2898 1664 2983; x_wconf 88' lang='lat' dir='ltr'>Archiepiscopi</span> <span class='ocrx_word' id='word_1_159' title='bbox 1726 2919 1848 2982; x_wconf 91' lang='lat' dir='ltr'>per</span> <span class='ocrx_word' id='word_1_160' title='bbox 1900 2899 2253 2961; x_wconf 90' lang='lat' dir='ltr'>ministros</span> <span class='ocrx_word' id='word_1_161' title='bbox 2313 2894 2625 2959; x_wconf 83' lang='lat' dir='ltr'>Ecclesiae</span> <span class='ocrx_word' id='word_1_162' title='bbox 2674 2894 2786 2958; x_wconf 90' lang='lat' dir='ltr'>de·</span> 
     </span>
     <span class='ocr_line' id='line_1_23' title="bbox 486 2998 2794 3086; baseline 0 -24"><span class='ocrx_word' id='word_1_163' title='bbox 486 3004 778 3085; x_wconf 81' lang='lat' dir='ltr'>portatO,</span> <span class='ocrx_word' id='word_1_164' title='bbox 804 3005 881 3063; x_wconf 85' lang='lat' dir='ltr'>ac</span> <span class='ocrx_word' id='word_1_165' title='bbox 905 3001 1292 3086; x_wconf 90' lang='lat' dir='ltr'>ingrediens</span> <span class='ocrx_word' id='word_1_166' title='bbox 1316 3003 1564 3065; x_wconf 88' lang='lat' dir='ltr'>ostium</span> <span class='ocrx_word' id='word_1_167' title='bbox 1590 3001 2004 3066; x_wconf 89' lang='lat' dir='ltr'>occidentale</span> <span class='ocrx_word' id='word_1_168' title='bbox 2031 3000 2343 3065; x_wconf 73' lang='lat' dir='ltr'>Ecclesiae</span> <span class='ocrx_word' id='word_1_169' title='bbox 2369 2998 2794 3064; x_wconf 86' lang='lat' dir='ltr'>Cathedralis</span> 
     </span>
     <span class='ocr_line' id='line_1_24' title="bbox 488 3102 2788 3189; baseline 0.001 -25"><span class='ocrx_word' id='word_1_170' title='bbox 488 3102 834 3188; x_wconf 74' lang='lat' dir='ltr'>praedictae,</span> <span class='ocrx_word' id='word_1_171' title='bbox 867 3124 989 3187; x_wconf 90' lang='lat' dir='ltr'>per</span> <span class='ocrx_word' id='word_1_172' title='bbox 1016 3105 1358 3179; x_wconf 80' lang='lat' dir='ltr'>dominum</span> <span class='ocrx_word' id='word_1_173' title='bbox 1403 3105 1748 3169; x_wconf 90' lang='lat' dir='ltr'>Decanum</span> <span class='ocrx_word' id='word_1_174' title='bbox 1781 3127 1958 3189; x_wconf 88' lang='lat' dir='ltr'>aqua</span> <span class='ocrx_word' id='word_1_175' title='bbox 1988 3104 2342 3169; x_wconf 87' lang='lat' dir='ltr'>benedicta</span> <span class='ocrx_word' id='word_1_176' title='bbox 2372 3124 2689 3187; x_wconf 86' lang='lat' dir='ltr'>aspersus</span> <span class='ocrx_word' id='word_1_177' title='bbox 2721 3111 2788 3167; x_wconf 89' lang='lat' dir='ltr'>et</span> 
     </span>
     <span class='ocr_line' id='line_1_25' title="bbox 491 3208 2788 3295; baseline -0 -22"><span class='ocrx_word' id='word_1_178' title='bbox 491 3210 982 3293; x_wconf 88' lang='lat' dir='ltr'>subsequenter</span> <span class='ocrx_word' id='word_1_179' title='bbox 1032 3209 1458 3275; x_wconf 85' lang='lat' dir='ltr'>thurificatus</span> <span class='ocrx_word' id='word_1_180' title='bbox 1511 3217 1640 3275; x_wconf 86' lang='lat' dir='ltr'>est.</span> <span class='ocrx_word' id='word_1_181' title='bbox 1731 3211 1950 3275; x_wconf 86' lang='lat' dir='ltr'>Textu</span> <span class='ocrx_word' id='word_1_182' title='bbox 1996 3208 2350 3294; x_wconf 85' lang='lat' dir='ltr'>Evangelii</span> <span class='ocrx_word' id='word_1_183' title='bbox 2404 3230 2525 3295; x_wconf 89' lang='lat' dir='ltr'>per</span> <span class='ocrx_word' id='word_1_184' title='bbox 2569 3211 2788 3294; x_wconf 91' lang='lat' dir='ltr'>ipsum</span> 
     </span>
     <span class='ocr_line' id='line_1_26' title="bbox 494 3313 2791 3399; baseline -0 -21"><span class='ocrx_word' id='word_1_185' title='bbox 494 3314 735 3378; x_wconf 89' lang='lat' dir='ltr'>devote</span> <span class='ocrx_word' id='word_1_186' title='bbox 806 3313 1131 3391; x_wconf 88' lang='lat' dir='ltr'>osculat0,</span> <span class='ocrx_word' id='word_1_187' title='bbox 1191 3315 1760 3399; x_wconf 85' lang='lat' dir='ltr'>processioneque</span> <span class='ocrx_word' id='word_1_188' title='bbox 1827 3316 1894 3377; x_wconf 92' lang='lat' dir='ltr'>in</span> <span class='ocrx_word' id='word_1_189' title='bbox 1955 3314 2114 3379; x_wconf 88' lang='lat' dir='ltr'>navi</span> <span class='ocrx_word' id='word_1_190' title='bbox 2181 3313 2500 3378; x_wconf 71' lang='lat' dir='ltr'>Ecclesiae</span> <span class='ocrx_word' id='word_1_191' title='bbox 2568 3319 2791 3378; x_wconf 85' lang='lat' dir='ltr'>stante</span> 
     </span>
     <span class='ocr_line' id='line_1_27' title="bbox 493 3417 2791 3504; baseline 0 -22"><span class='ocrx_word' id='word_1_192' title='bbox 493 3424 571 3483; x_wconf 85' lang='lat' dir='ltr'>ut</span> <span class='ocrx_word' id='word_1_193' title='bbox 639 3422 746 3481; x_wconf 90' lang='lat' dir='ltr'>est</span> <span class='ocrx_word' id='word_1_194' title='bbox 813 3418 1040 3494; x_wconf 90' lang='lat' dir='ltr'>moris,</span> <span class='ocrx_word' id='word_1_195' title='bbox 1101 3419 1419 3504; x_wconf 87' lang='lat' dir='ltr'>praefatus</span> <span class='ocrx_word' id='word_1_196' title='bbox 1483 3419 1798 3482; x_wconf 90' lang='lat' dir='ltr'>dominus</span> <span class='ocrx_word' id='word_1_197' title='bbox 1865 3419 2439 3502; x_wconf 88' lang='lat' dir='ltr'>Archiepiscopus</span> <span class='ocrx_word' id='word_1_198' title='bbox 2508 3418 2576 3480; x_wconf 90' lang='lat' dir='ltr'>in</span> <span class='ocrx_word' id='word_1_199' title='bbox 2645 3417 2791 3482; x_wconf 92' lang='lat' dir='ltr'>loco</span> 
     </span>
     <span class='ocr_line' id='line_1_28' title="bbox 492 3521 2793 3608; baseline 0 -22"><span class='ocrx_word' id='word_1_200' title='bbox 492 3522 794 3586; x_wconf 83' lang='lat' dir='ltr'>inferiori</span> <span class='ocrx_word' id='word_1_201' title='bbox 860 3523 1050 3586; x_wconf 85' lang='lat' dir='ltr'>dictae</span> <span class='ocrx_word' id='word_1_202' title='bbox 1117 3524 1571 3608; x_wconf 89' lang='lat' dir='ltr'>processionis</span> <span class='ocrx_word' id='word_1_203' title='bbox 1635 3523 1718 3587; x_wconf 86' lang='lat' dir='ltr'>ad</span> <span class='ocrx_word' id='word_1_204' title='bbox 1783 3523 2111 3607; x_wconf 86' lang='lat' dir='ltr'>quoddam</span> <span class='ocrx_word' id='word_1_205' title='bbox 2176 3521 2544 3587; x_wconf 89' lang='lat' dir='ltr'>scabellum</span> <span class='ocrx_word' id='word_1_206' title='bbox 2612 3523 2793 3587; x_wconf 87' lang='lat' dir='ltr'>inter</span> 
     </span>
     <span class='ocr_line' id='line_1_29' title="bbox 493 3629 2799 3715; baseline 0 -23"><span class='ocrx_word' id='word_1_207' title='bbox 493 3631 748 3694; x_wconf 84' lang='lat' dir='ltr'>fontem</span> <span class='ocrx_word' id='word_1_208' title='bbox 795 3629 1265 3714; x_wconf 76' lang='lat' dir='ltr'>baptismalem</span> <span class='ocrx_word' id='word_1_209' title='bbox 1317 3638 1385 3696; x_wconf 90' lang='lat' dir='ltr'>et</span> <span class='ocrx_word' id='word_1_210' title='bbox 1433 3632 1682 3695; x_wconf 88' lang='lat' dir='ltr'>ostium</span> <span class='ocrx_word' id='word_1_211' title='bbox 1729 3629 1920 3693; x_wconf 86' lang='lat' dir='ltr'>dictae</span> <span class='ocrx_word' id='word_1_212' title='bbox 1965 3629 2281 3695; x_wconf 87' lang='lat' dir='ltr'>Ecclesiae</span> <span class='ocrx_word' id='word_1_213' title='bbox 2335 3651 2455 3715; x_wconf 92' lang='lat' dir='ltr'>pro</span> <span class='ocrx_word' id='word_1_214' title='bbox 2501 3630 2673 3715; x_wconf 88' lang='lat' dir='ltr'>ipso,</span> <span class='ocrx_word' id='word_1_215' title='bbox 2718 3636 2799 3693; x_wconf 91' lang='lat' dir='ltr'>ut</span> 
     </span>
     <span class='ocr_line' id='line_1_30' title="bbox 494 3733 2795 3818; baseline -0.002 -20"><span class='ocrx_word' id='word_1_216' title='bbox 494 3735 738 3809; x_wconf 90' lang='lat' dir='ltr'>decuit,</span> <span class='ocrx_word' id='word_1_217' title='bbox 784 3736 1064 3798; x_wconf 90' lang='lat' dir='ltr'>honeste</span> <span class='ocrx_word' id='word_1_218' title='bbox 1113 3735 1497 3817; x_wconf 82' lang='lat' dir='ltr'>ordinatum</span> <span class='ocrx_word' id='word_1_219' title='bbox 1543 3733 2040 3818; x_wconf 87' lang='lat' dir='ltr'>genuflectabit,</span> <span class='ocrx_word' id='word_1_220' title='bbox 2075 3736 2276 3798; x_wconf 88' lang='lat' dir='ltr'>choro</span> <span class='ocrx_word' id='word_1_221' title='bbox 2323 3735 2595 3797; x_wconf 89' lang='lat' dir='ltr'>interim</span> <span class='ocrx_word' id='word_1_222' title='bbox 2643 3754 2795 3798; x_wconf 87' lang='lat' dir='ltr'>can-</span> 
     </span>
     <span class='ocr_line' id='line_1_31' title="bbox 501 3838 2801 3922; baseline -0.001 -19"><span class='ocrx_word' id='word_1_223' title='bbox 501 3846 689 3903; x_wconf 86' lang='lat' dir='ltr'>tante</span> <span class='ocrx_word' id='word_1_224' title='bbox 721 3839 1247 3922; x_wconf 88' lang='lat' dir='ltr'>Responsorium</span> <span class='ocrx_word' id='word_1_225' title='bbox 1295 3843 1586 3903; x_wconf 82' lang='lat' dir='ltr'>Summae</span> <span class='ocrx_word' id='word_1_226' title='bbox 1636 3840 1971 3901; x_wconf 76' lang='lat' dir='ltr'>Trinitati</span> <span class='ocrx_word' id='word_1_227' title='bbox 2004 3860 2153 3902; x_wconf 91' lang='lat' dir='ltr'>cum</span> <span class='ocrx_word' id='word_1_228' title='bbox 2200 3859 2400 3902; x_wconf 86' lang='lat' dir='ltr'>versu</span> <span class='ocrx_word' id='word_1_229' title='bbox 2435 3845 2502 3902; x_wconf 91' lang='lat' dir='ltr'>et</span> <span class='ocrx_word' id='word_1_230' title='bbox 2554 3838 2801 3901; x_wconf 82' lang='lat' dir='ltr'>Gloria</span> 
     </span>
     <span class='ocr_line' id='line_1_32' title="bbox 502 3941 1061 4025; baseline -0.002 -20"><span class='ocrx_word' id='word_1_231' title='bbox 502 3943 710 4005; x_wconf 78' lang='lat' dir='ltr'>Patri</span> <span class='ocrx_word' id='word_1_232' title='bbox 742 3941 1061 4025; x_wconf 89' lang='lat' dir='ltr'>ejusdem.</span> 
     </span>
    </p>

    <p class='ocr_par' dir='ltr' id='par_1_7' title="bbox 501 4044 2801 4444">
     <span class='ocr_line' id='line_1_33' title="bbox 588 4044 2798 4131; baseline -0.001 -21"><span class='ocrx_word' id='word_1_233' title='bbox 588 4046 896 4131; x_wconf 89' lang='lat' dir='ltr'>Ipsisque</span> <span class='ocrx_word' id='word_1_234' title='bbox 967 4069 1007 4111; x_wconf 87' lang='lat' dir='ltr'>a</span> <span class='ocrx_word' id='word_1_235' title='bbox 1069 4048 1270 4111; x_wconf 91' lang='lat' dir='ltr'>choro</span> <span class='ocrx_word' id='word_1_236' title='bbox 1339 4046 1740 4121; x_wconf 86' lang='lat' dir='ltr'>decantatis,</span> <span class='ocrx_word' id='word_1_237' title='bbox 1800 4045 2120 4129; x_wconf 85' lang='lat' dir='ltr'>praefatus</span> <span class='ocrx_word' id='word_1_238' title='bbox 2186 4044 2495 4108; x_wconf 91' lang='lat' dir='ltr'>dominus</span> <span class='ocrx_word' id='word_1_239' title='bbox 2560 4046 2798 4109; x_wconf 87' lang='lat' dir='ltr'>Archi-</span> 
     </span>
     <span class='ocr_line' id='line_1_34' title="bbox 504 4151 2798 4237; baseline -0.001 -22"><span class='ocrx_word' id='word_1_240' title='bbox 504 4152 856 4237; x_wconf 89' lang='lat' dir='ltr'>episcopus</span> <span class='ocrx_word' id='word_1_241' title='bbox 916 4152 1445 4237; x_wconf 86' lang='lat' dir='ltr'>genuflectendo,</span> <span class='ocrx_word' id='word_1_242' title='bbox 1507 4158 1584 4217; x_wconf 89' lang='lat' dir='ltr'>ut</span> <span class='ocrx_word' id='word_1_243' title='bbox 1643 4151 2020 4237; x_wconf 87' lang='lat' dir='ltr'>praefertur,</span> <span class='ocrx_word' id='word_1_244' title='bbox 2080 4151 2404 4236; x_wconf 89' lang='lat' dir='ltr'>inspectis</span> <span class='ocrx_word' id='word_1_245' title='bbox 2463 4171 2585 4235; x_wconf 93' lang='lat' dir='ltr'>per</span> <span class='ocrx_word' id='word_1_246' title='bbox 2646 4171 2798 4213; x_wconf 92' lang='lat' dir='ltr'>eum</span> 
     </span>
     <span class='ocr_line' id='line_1_35' title="bbox 504 4242 2801 4343; baseline -0 -24"><span class='ocrx_word' id='word_1_247' title='bbox 504 4256 956 4320; x_wconf 85' lang='lat' dir='ltr'>sacrosanctis</span> <span class='ocrx_word' id='word_1_248' title='bbox 1004 4255 1130 4320; x_wconf 93' lang='lat' dir='ltr'>Dei</span> <span class='ocrx_word' id='word_1_249' title='bbox 1178 4256 1573 4343; x_wconf 87' lang='lat' dir='ltr'>Evangeliis</span> <span class='ocrx_word' id='word_1_250' title='bbox 1623 4242 1943 4320; x_wconf 50' lang='lat' dir='ltr'>in‘manu</span> <span class='ocrx_word' id='word_1_251' title='bbox 1997 4255 2160 4320; x_wconf 91' lang='lat' dir='ltr'>dicti</span> <span class='ocrx_word' id='word_1_252' title='bbox 2213 4255 2466 4320; x_wconf 89' lang='lat' dir='ltr'>domini</span> <span class='ocrx_word' id='word_1_253' title='bbox 2527 4254 2801 4330; x_wconf 86' lang='lat' dir='ltr'>Decani,</span> 
     </span>
     <span class='ocr_line' id='line_1_36' title="bbox 501 4357 2801 4444; baseline -0.002 -19"><span class='ocrx_word' id='word_1_254' title='bbox 501 4360 1040 4435; x_wconf 76' lang='lat' dir='ltr'>auscultantibus</span> <span class='ocrx_word' id='word_1_255' title='bbox 1090 4361 1270 4424; x_wconf 91' lang='lat' dir='ltr'>circa</span> <span class='ocrx_word' id='word_1_256' title='bbox 1308 4359 1613 4444; x_wconf 87' lang='lat' dir='ltr'>praelatis</span> <span class='ocrx_word' id='word_1_257' title='bbox 1659 4366 1727 4426; x_wconf 88' lang='lat' dir='ltr'>et</span> <span class='ocrx_word' id='word_1_258' title='bbox 1772 4360 1927 4425; x_wconf 87' lang='lat' dir='ltr'>aliis</span> <span class='ocrx_word' id='word_1_259' title='bbox 1975 4358 2589 4435; x_wconf 84' lang='lat' dir='ltr'>circumstantibus,</span> <span class='ocrx_word' id='word_1_260' title='bbox 2613 4357 2801 4441; x_wconf 87' lang='lat' dir='ltr'>jura-</span> 
     </span>
    </p>
   </div>
  </div>
 </body>
</html>
