3117 5025
485 375 616 441 260
962 377 1402 443 Gomeeratio
1439 374 1757 441 Oleorum
1787 382 1852 440 et
1888 374 2323 439 chrismatis.

572 580 704 646 His
749 582 1068 669 peractis,
1094 582 1409 648 minister
1451 580 1820 667 ampullam
1864 581 2253 647 chrismatis
2295 580 2606 645 deferens
2654 598 2805 642 eum

487 683 764 749 sindone
795 708 930 771 qua
959 689 1361 772 praeeinotus
1392 690 1520 762 est,
1545 686 1894 771 cooperiat
1924 707 2073 750 eam
2104 691 2175 750 et
2204 686 2276 749 in
2305 685 2586 750 dextera
2614 688 2809 769 parte

483 785 746 865 altaris,
779 808 1130 874 quousque
1160 793 1224 853 A
1231 811 1407 874 quus
1440 789 1570 854 Dei
1600 793 1934 866 cantetur,
1961 810 2110 853 eum
2141 787 2524 853 reverentia
2552 777 2808 851 teneat.

574 889 857 955 Interim
900 894 1256 979 episeopus
1290 913 1362 957 se
1409 895 1718 956 revertat
1747 891 1834 955 ad
1877 891 2096 957 altare
2141 897 2213 956 et
2256 892 2441 956 dieat
2471 890 2617 955 alta
2659 908 2807 952 voe.

488 991 625 1055 Per
653 995 885 1059 omnia
914 996 1173 1062 saeeula
1216 994 1640 1059 saeculorum.
1730 1005 1801 1059 et
1842 994 2164 1059 diaconus
2194 995 2378 1059 dieat
2419 992 2813 1058 ,Humiliate

486 1114 626 1171 vos,
656 1097 767 1161 &a

577 1199 914 1285 Sequatur
941 1201 1321 1267 benedictio
1354 1222 1558 1288 super
1590 1202 1935 1288 populum.

577 1303 747 1370 Post
775 1306 1310 1371 benedictionem
1340 1306 1523 1371 dieat
1553 1306 1935 1391 episeopus.
2026 1306 2125 1371 Et
2141 1326 2299 1389 pam
2327 1306 2492 1392 ejus.

579 1405 834 1474 Cantor
861 1409 1147 1494 incipiat
1174 1411 1424 1494 Aynus
1454 1410 1611 1474 Dei.

582 1510 875 1577 Cantata
915 1518 1086 1591 tota,
1133 1514 1414 1579 adorata
1458 1517 1531 1577 et
1574 1511 1971 1578 deosculata
2014 1512 2194 1577 sacri
2236 1510 2629 1576 chrismatis
2675 1532 2818 1576 am·-

491 1613 702 1698 pulla‚
733 1616 972 1682 redeat
999 1616 1510 1681 archidiaconus
1540 1637 1690 1679 eum
1725 1616 1868 1680 suis
1913 1616 2248 1680 ministris
2279 1615 2511 1679 eadem
2541 1614 2653 1679 via
2681 1636 2816 1698 qua

486 1718 794 1795 accessit,
824 1726 895 1784 et
925 1720 1205 1785 eandem
1250 1718 1618 1804 ampullam
1648 1724 1974 1804 reportet,
2009 1741 2089 1784 ae
2133 1718 2280 1783 loeo
2312 1723 2688 1803 opportuno
2734 1718 2805 1781 in

496 1820 937 1888 salvationem
968 1828 1256 1910 reponat
1285 1845 1436 1888 oum
1467 1823 1714 1887 ceteris
1745 1824 2087 1908 ampullis.

581 1923 837 1990 Deinde
867 1926 1149 2013 incipiat
1176 1932 1413 1992 cantor
1442 1926 1905 2012 antiphonam,
1946 1927 2271 1993 Calicem.
