3117 5025
764 369 1208 460 Consecratio
1246 391 1564 459 Oleorum
1595 402 1660 458 et
1697 392 2130 458 chrismatis.
2475 389 2606 458 257

377 598 513 664 Hic
545 603 774 666 vertat
805 620 878 664 se
909 600 1268 686 episcopus
1300 599 1387 664 ad
1415 599 1654 677 altare,
1687 604 1758 665 et
1788 599 1969 664 dicat
2000 598 2144 665 alta
2173 618 2359 662 voce.

371 699 494 760 Per
519 703 720 761 omnia
744 702 952 760 soecula
977 704 1330 763 soeculorum.

378 797 566 863 Tunc
595 799 919 863 diaconus
952 800 1067 884 qui
1098 800 1526 885 evangelium
1555 799 1747 886 legit,
1780 798 1982 865 dicat.

369 900 702 961 Humiliate
728 924 821 961 vos
848 903 929 960 ad
956 903 1409 964 benedictionem.

376 997 558 1064 Data
589 1000 1081 1079 benedictione,
1114 1000 1403 1079 dicatur,

369 1101 451 1159 Et
478 1102 616 1160 Pax
642 1103 761 1178 ejus
785 1104 862 1161 sit
886 1124 1101 1180 semper
1125 1104 1425 1162 vobiscum.

375 1198 566 1262 Tunc
598 1204 835 1263 cantor
862 1199 1142 1284 incipiat
1170 1202 1234 1262 A
1239 1219 1418 1284 ynus
1451 1199 1602 1263 Dei.

374 1301 464 1366 Et
496 1302 844 1367 deferatur
883 1303 1197 1387 episcopo
1230 1323 1351 1366 vas
1398 1301 1785 1366 chrismatis
1818 1322 1860 1365 a
1887 1301 2172 1367 diacono
2216 1301 2301 1366 ad
2333 1301 2611 1366 deoscu-

291 1403 584 1497 launum,
620 1408 656 1445 ³¹*
689 1428 769 1470 ac
801 1407 1166 1471 succedant
1192 1406 1446 1471 fratres
1479 1405 1844 1471 secundum
1876 1406 2176 1470 ordinem
2210 1406 2295 1471 ad
2338 1429 2614 1493 pacem;

293 1509 534 1573 deinde
595 1510 680 1574 ad
748 1516 1055 1575 sanctum
1116 1510 1414 1576 chrisma
1472 1509 2022 1575 deosculandum.
2137 1510 2230 1575 Et
2293 1512 2614 1577 accedant

295 1634 525 1678 omnes
585 1613 671 1678 ad
729 1614 1257 1678 communionem
1322 1617 1644 1679 sanctam.
1756 1612 1996 1697 Sicque
2052 1618 2288 1679 cantor
2344 1614 2616 1679 inchoet

298 1716 848 1781 communionem.

374 1818 507 1877 Hoc
536 1819 755 1897 Corpus
781 1819 933 1897 quod
956 1840 1063 1898 pro
1090 1820 1244 1878 vobis
1271 1819 1548 1879 traditur.

385 1914 908 1981 communicatis
952 1922 1180 1980 autem
1209 1916 1537 1981 fratribus
1583 1919 1655 1980 et
1682 1916 1799 1999 qui
1841 1916 2179 1982 voluerint
2219 1917 2300 1981 de
2344 1917 2616 2002 populo,

300 2025 372 2084 et
416 2019 698 2084 adorata
744 2023 814 2083 et
861 2018 1252 2084 deosculata
1299 2019 1473 2083 sacri
1526 2018 1912 2083 chrismatis
1959 2019 2275 2104 ampulla,
2322 2019 2619 2105 praedicti

299 2131 443 2188 tres
486 2122 744 2186 diaconi
798 2143 947 2186 cum
998 2122 1352 2188 devotione
1402 2123 1471 2190 in
1526 2122 1891 2187 sacrarium
1944 2126 2291 2208 reportent
2343 2144 2422 2187 ac
2472 2123 2617 2188 loco

196 2309 202 2316 ⁹
302 2232 675 2313 opportuno
708 2226 777 2288 in
809 2224 1248 2291 salvationem
1286 2230 1636 2311 reponant.
1730 2226 2018 2311 Sanguis
2049 2247 2208 2291 vero
2238 2227 2467 2292 eodem
2512 2227 2620 2291 die

305 2331 573 2415 penitus
607 2334 1060 2396 consumatur.
1150 2329 1253 2395 De
1284 2329 1533 2395 oblatis
1564 2334 1669 2394 tot
1696 2333 2127 2410 reserventur
2154 2328 2224 2394 in
2255 2331 2623 2398 crastinum

303 2456 447 2519 quae
479 2432 784 2497 omnibus
815 2432 1077 2517 possint
1101 2433 1400 2498 sufficere
1431 2432 1516 2500 ad
1540 2431 2178 2498 communicandum.
2269 2432 2624 2500 celebrata

304 2539 515 2602 missa
559 2536 932 2622 episcopus,
972 2537 1385 2622 praecedente
1431 2535 1858 2622 processione
1902 2557 2051 2600 cum
2097 2559 2230 2622 qua
2275 2537 2360 2603 ad
2404 2538 2621 2604 alt-are

304 2643 512 2717 venit,
571 2640 776 2705 vadat
835 2640 918 2705 ad
980 2640 1199 2707 locum
1256 2641 1698 2715 constitutum
1759 2641 1982 2726 ibique
2042 2647 2325 2727 reponat
2379 2664 2621 2728 corpus

304 2743 594 2819 Domini,
645 2742 992 2809 incensato
1045 2744 1192 2829 ipso
1250 2743 1399 2811 loco
1457 2747 1528 2809 et
1586 2749 1744 2808 ante
1803 2743 2280 2828 repositionem
2340 2752 2412 2810 et
2467 2753 2624 2832 post

305 2849 801 2937 repositionem.

303 3353 339 3388 ⁴·
382 3353 440 3408 c.
472 3352 529 3408 0.
561 3353 619 3407 C'.
648 3350 752 3406 146
778 3320 1019 3423 (πῶς.)
1045 3353 1108 3409 in
1132 3352 1351 3425 marqin
1374 3352 1438 3406 in
1458 3351 1855 3419 hand-writan
1878 3347 2102 3420 ossam
2124 3349 2249 3405 aare
2269 3367 2361 3400 .·-

302 3448 361 3496 et
384 3440 661 3497 osculetur
684 3438 826 3493 illud
852 3440 1149 3515 episcopus,
1177 3446 1234 3494 et
1257 3440 1421 3509 dicat,
1449 3440 1562 3493 Ave
1584 3442 1832 3493 sanctum
1861 3436 2126 3491 Chrism.

488 4424 684 4492 Pont.
715 4427 798 4493 32
