3117 5025
941 422 1241 486 Benedic
1250 422 1467 486 tiones
1499 421 1851 503 Episcopo
1860 420 1973 485 les.
2489 421 2615 485 183

299 643 737 706 perseverare
769 627 1108 705 concedat,
1139 632 1217 691 ut
1258 625 1552 693 coelestis
1580 626 1774 713 regni
1818 624 2116 690 haeredes
2148 625 2278 691 sibi
2307 629 2617 711 acceptos

303 726 571 793 efficiat.
661 730 897 795 Amen.

386 828 477 894 Et
522 852 722 916 quem
776 854 999 900 coram
1055 833 1362 898 omnibus
1415 832 1804 897 viventibus
1847 829 2139 913 fideliter
2190 831 2621 910 confitemini,

305 952 458 996 cum
488 954 567 997 eo
597 934 667 997 in
696 935 822 1002 illa
850 941 1103 1001 aeterna
1131 935 1357 1022 patria
1389 934 1534 1001 sine
1566 935 1698 1000 fine
1729 933 2070 1000 laetemini.
2158 934 2400 1002 Amen.

392 1034 579 1120 Quod
607 1036 778 1123 ipse.

386 1221 729 1284 Benedictio
748 1246 861 1305 pro
886 1225 1186 1303 defunctio.

391 1405 643 1470 Aurem
675 1426 866 1472 suam
898 1408 1211 1495 precibus
1241 1407 1494 1473 vestris
1533 1407 1833 1473 vivorum
1862 1406 2063 1473 simul
2095 1429 2174 1474 ac
2204 1410 2619 1473 mortuorum

302 1506 685 1574 dominator
714 1509 899 1576 Deus
943 1510 1354 1598 propitiatus
1398 1512 1879 1588 accommodet,
1911 1516 1982 1575 et
2025 1533 2195 1596 quas
2239 1511 2478 1576 devote
2521 1510 2623 1574 illi

302 1629 421 1693 pro
452 1610 768 1678 defuncto
798 1612 1052 1678 famulo
1077 1634 1199 1678 suo
1229 1611 1321 1677 N.
1354 1633 1590 1699 preces
1622 1613 1987 1692 effunditis,
2013 1614 2142 1679 sibi
2172 1614 2620 1699 acceptabiles

306 1709 618 1795 placatus
649 1715 914 1780 efficiat.
1002 1717 1242 1781 Amen.

395 1813 608 1880 Vobis
653 1819 971 1883 universa
1015 1822 1379 1902 antequam
1425 1818 1507 1881 de
1541 1817 1784 1883 saeculo
1825 1818 2138 1904 migretis
2168 1818 2396 1883 debita
2424 1819 2624 1883 mise-

300 1921 500 1981 ratus
565 1918 937 2007 indulgeat,
997 1921 1288 1986 animam
1348 1920 1586 1984 famuli
1656 1921 1760 1984 sui
1822 1920 1966 2004 jam
2032 1924 2236 1986 rebus
2303 1923 2617 1986 humanis

301 2025 688 2103 exemptum
762 2023 844 2086 de
911 2022 1358 2086 infernalibus
1425 2022 1699 2087 Tartari
1774 2023 2187 2089 cruciatibus
2254 2023 2623 2089 clementer

303 2122 573 2207 eripiat,
605 2128 675 2189 et
719 2146 991 2190 suorum
1037 2125 1378 2195 consortio
1426 2130 1812 2192 sanctorum
1840 2125 1911 2190 in
1944 2125 2127 2191 coelis
2170 2126 2620 2191 coronandum

304 2227 587 2323 adjungi
618 2229 984 2316 praecipiat.
1073 2233 1312 2295 Amen.

392 2331 934 2416 Indignationem
982 2353 1170 2398 suam
1217 2355 1258 2398 a
1301 2332 1496 2397 vobis
1541 2330 1775 2417 procul
1821 2337 2151 2409 amoveat,
2196 2331 2620 2397 clementiam

304 2452 496 2497 suam
527 2434 716 2498 vobis
746 2435 1156 2501 ineffabilem
1202 2436 1541 2512 exhibeat,
1574 2440 1653 2499 ut
1684 2438 1755 2498 et
1793 2434 1977 2520 digni
2010 2434 2187 2521 apud
2232 2455 2382 2498 eum
2414 2435 2622 2499 inter-

303 2557 614 2603 cessores
672 2540 1136 2616 inveniamini,
1196 2543 1265 2602 et
1329 2539 1399 2602 in
1461 2538 1644 2603 omni
1704 2538 2031 2623 petitione
2099 2542 2335 2603 vestra
2394 2540 2478 2603 ab
2539 2560 2618 2603 eo

299 2640 596 2705 libenter
624 2643 929 2705 exaudiri
959 2641 1373 2706 mereamini.
1464 2642 1702 2706 Amen.

390 2744 580 2829 Quod
612 2744 777 2829 ipse.

380 2915 712 2975 Benedictio
739 2917 807 2975 de
837 2915 1081 2995 Corpore
1112 2916 1349 2976 Christi.

390 3097 756 3163 Benedicat
786 3118 908 3162 vos
936 3097 1147 3176 Deus,
1180 3100 1294 3184 qui
1326 3120 1449 3184 per
1476 3097 1836 3185 Unigeniti
1871 3097 1975 3163 sui
2007 3101 2390 3183 passionem
2422 3106 2621 3166 vetus

297 3200 554 3285 pascha
596 3201 667 3264 in
711 3222 959 3265 novum
1002 3200 1223 3266 voluit
1267 3202 1595 3277 converti,
1642 3201 2095 3284 concedatque
2142 3202 2357 3279 vobis,
2391 3208 2470 3267 ut
2515 3226 2627 3267 ex-

293 3308 589 3389 purgato
662 3304 917 3368 veteris
1001 3304 1318 3370 fermenti
1391 3305 1730 3392 contagio,
1805 3304 1878 3367 in
1963 3304 2154 3368 vobis
2229 3311 2626 3391 perseveret

297 3407 711 3491 conspersio.
801 3408 1041 3470 Amen.

390 3508 481 3573 Et
510 3509 624 3594 qui
655 3508 739 3573 ad
770 3508 1237 3573 celebrandam
1272 3510 1573 3594 corporis
1621 3507 1875 3573 Christi
1906 3506 2377 3592 Redemptoris
2408 3512 2626 3574 nostri

298 3612 876 3677 consecrationem
922 3612 1249 3676 hodierna
1278 3613 1384 3676 die
1425 3616 1651 3676 mente
1693 3612 1938 3675 devota
1982 3612 2415 3688 convenistis,
2447 3634 2621 3697 pane

296 3722 599 3802 potuque
630 3715 885 3778 coelesti
914 3714 1174 3791 refecti,
1202 3736 1515 3800 supremo
1537 3713 1752 3799 judici
1777 3734 1927 3778 cum
1950 3713 2195 3798 gaudio
2226 3716 2621 3798 praesentari

298 3819 604 3905 possitis.
693 3818 933 3882 Amen.

392 3920 618 4004 Ipsius
662 3940 923 4004 quoque
970 3917 1347 4004 opitulante
1394 3917 1777 3993 clementia,
1808 3915 2219 3980 mundemini
2265 3939 2307 3982 a
2336 3917 2621 3983 maculis

294 4029 749 4112 peccatorum,
780 4021 994 4107 quiin
1025 4022 1332 4087 Ecclesia
1365 4020 1716 4087 Catholica
1761 4040 2029 4084 carnem
2063 4040 2253 4084 suam
2293 4021 2363 4083 in
2396 4022 2615 4085 cibum

293 4133 374 4194 et
418 4126 824 4212 sanguinem
869 4146 1063 4189 suum
1117 4127 1186 4188 in
1237 4132 1467 4210 potum
1525 4124 1754 4189 offerri
1799 4122 2152 4189 constituit
2206 4124 2275 4188 in
2328 4124 2617 4189 salutem

291 4230 597 4297 fidelium
629 4227 1186 4318 Christianorum.
1276 4229 1513 4292 Amen.

389 4333 577 4418 Quod
609 4334 776 4415 ipse.
867 4335 874 4338 ’
