3117 5025
1005 390 1445 455 Consecratio
1493 392 1873 474 Viryinum.
1927 412 1932 418 ·
2465 391 2592 453 159

364 592 649 657 Domine
680 593 946 657 exaudi.

372 697 467 761 Et
496 697 766 761 clamor.

355 799 700 864 'Dominus
733 801 1118 865 vobiscum.-

371 903 677 967 OremuS.

396 1006 718 1071 Famulas
783 1011 960 1085 tuas,
1028 1029 1426 1092 quaesnmuS,
1495 1007 1801 1087 Domine,
1862 1014 1984 1075 tua
2053 1030 2318 1095 semper
2382 1009 2608 1096 gratia

279 1109 658 1186 benedicat,
691 1115 761 1174 et
791 1110 1236 1197 inculpabiles
1268 1113 1353 1176 ad
1384 1112 1593 1176 vitam
1624 1112 1949 1198 perducat
1979 1118 2317 1178 aeternam.

374 1212 540 1271 Tunc
595 1213 842 1271 accedat‘
876 1214 1037 1291 vio-qo
1091 1215 1171 1272 ad
1228 1216 1549 1294 episcopum
1604 1223 1733 1273 ante
1784 1216 2034 1294 yraditm
2094 1216 2319 1289 altaris,
2372 1222 2608 1273 cantans

281 1307 682 1386 antiphonam.

291 1448 2609 1568 Q

369 1596 644 1661 Ancilla
703 1595 987 1662 Chris-ti
1050 1619 1197 1663 sum
1257 1598 1340 1660 i·
1370 1598 1452 1663 de
1483 1636 1510 1648 -
1541 1619 1582 1663 o
1640 1620 1747 1663 me
1806 1598 2117 1663 osten-do
2179 1599 2385 1663 ser-vi
2416 1635 2442 1647 -
2474 1598 2606 1663 lem

282 1742 737 1859 Ξ

283 1909 696 1973 perso-nam.

370 1991 536 2049 Tunc
563 1991 849 2069 episcopua
875 1990 1033 2050 dicat
1058 1991 1453 2070 antiphonam.

308 2159 329 2171 μ

308 2172 1040 2204 μψ-
1077 2171 1325 2203 -“-
1489 2171 2109 2205 -ι-ι-

380 2275 657 2340 Summa
701 2275 977 2361 inge-nu
1009 2313 1036 2325 -
1066 2275 1149 2343 i·
1178 2280 1289 2340 tas
1333 2275 1501 2341 is-ta
1528 2280 1657 2352 est,
1687 2275 1758 2339 in
1802 2296 1935 2359 qua
1967 2274 2288 2339 servi-tus
2329 2273 2613 2339 Chris-ti

283 2423 882 2540 -Τ--Ἷ

284 2571 838 2655 compro-ba-tur.
927 2545 930 2546 ⁷

382 2675 716 2767 Sequitur
748 2674 1127 2737 benedictio
1156 2672 1542 2737 velaminis.

384 2775 793 2860 Suppliciter
852 2782 943 2852 te,
996 2773 1301 2854 Domine,
1353 2795 1674 2861 rogamus
1734 2781 1813 2840 ut
1867 2796 2070 2860 super
2128 2775 2301 2839 hanc
2360 2778 2614 2839 vestem

288 2878 504 2962 capiti
564 2877 826 2943 ancillae
892 2883 1025 2942 tuae
1084 2878 1553 2963 imponendam
1622 2880 1999 2944 benedictio
2058 2884 2181 2945 tua
2240 2877 2620 2963 benigniter

286 2980 682 3057 descendat,
731 2987 800 3045 et
847 2980 940 3045 sit
983 2980 1196 3044 vestis
1241 2981 1379 3045 haec
1426 2981 1780 3046 benedicta
1824 2988 1894 3047 et
1938 2988 2332 3046 consecrata
2374 2985 2444 3044 et
2488 2980 2609 3042 im·-

287 3083 635 3149 maculata
665 3089 735 3148 et
768 3089 1005 3148 sancta
1034 3083 1188 3147 huic
1216 3083 1477 3147 ancillae
1509 3088 1665 3149 tuae.
1754 3084 1886 3149 Per
1916 3083 2282 3149 Christum.

375 3188 581 3245 Postea
614 3187 847 3245 'accedat
874 3188 954 3245 ad
992 3188 1331 3264 episcopum,
1360 3195 1411 3245 et
1453 3188 1650 3246 tradat
1689 3208 1909 3247 cereum
1934 3208 2102 3245 suum
2131 3188 2315 3245 alicui
2353 3208 2419 3244 ex
2443 3187 2611 3245 sociis

288 3284 433 3356 suis,
476 3291 527 3340 et
567 3282 875 3340 humiliato
913 3283 1099 3359 capite
1138 3283 1415 3359 suscipiat
1450 3283 1706 3341 velamen
1743 3282 1812 3341 de
1852 3282 2118 3340 manibus
2159 3282 2427 3360 episcopi,
2469 3282 2620 3358 quod

290 3380 585 3459 episcopus
602 3385 786 3456 ponat
812 3398 979 3455 super
1005 3385 1177 3454 caput
1204 3378 1341 3453 ejus,
1374 3377 1585 3435 dicens·

384 3473 653 3557 Accipe,
699 3472 892 3558 virgo
939 3471 1213 3548 Christi,
1247 3471 1571 3550 velamen,
1621 3470 2033 3557 virginitatis
2079 3476 2150 3535 et
2193 3469 2616 3535 continentiae

295 3577 637 3652 indicium,
690 3596 814 3659 per
864 3575 1038 3659 quod
1103 3575 1395 3659 Spiritus
1457 3576 1747 3639 Sanctus
1809 3573 2242 3658 superveniat
2298 3573 2367 3636 in
2428 3579 2496 3637 te
2551 3580 2619 3638 et

294 3682 516 3747 virtus
563 3678 895 3743 Altissimi
932 3677 1024 3742 sit
1052 3678 1180 3742 tibi
1213 3677 1679 3743 umbraculum
1727 3683 1965 3742 contra
2009 3682 2243 3742 aestum
2290 3675 2619 3740 malarum

294 3784 771 3858 tentationum,
817 3785 1181 3864 praestante
1230 3781 1462 3845 eodem
1512 3779 1792 3844 Domino
1842 3785 2075 3844 nostro
2120 3779 2288 3844 Jesu
2332 3778 2622 3856 Christo,

298 3889 416 3974 qui
450 3886 619 3950 vivit
650 3890 721 3949 et
751 3889 997 3970 regnat
1026 3906 1177 3948 cum
1207 3882 1350 3947 Deo
1382 3884 1586 3948 Patre
1618 3882 1685 3945 in
1717 3883 1980 3948 unitate
2012 3884 2331 3967 ejusdem.

382 3990 548 4062 Quod
586 3988 727 4046 dum
774 3987 1003 4067 accipit,
1050 4007 1286 4046 manum
1333 3986 1581 4065 episcopi
1627 3985 1990 4059 deosculetur,
2033 3995 2084 4046 et
2130 3987 2377 4065 incipiat
2422 3987 2619 4044 statim

301 4085 696 4163 antiphonam.

390 4178 622 4245 Induit
640 4200 744 4244 me
765 4178 1090 4242 Dominus
1112 4175 1380 4262 cyclade
1400 4198 1565 4243 auro
1586 4181 1789 4254 tecta,
1812 4183 1881 4242 et
1898 4176 2244 4243 immensis
2264 4177 2622 4243 monilibus

301 4283 574 4350 ornavit
601 4303 729 4346 me.
