3117 5025
503 354 629 417 100
968 355 1471 421 Reconciliatio
1503 351 1836 417 Ecclesiae
1865 349 1972 413 vel
2008 342 2404 412 Ooemeterii.

581 557 752 616 Totus
787 559 1046 637 psalmus
1067 543 1074 550 ’
1098 561 1345 630 dicatur,
1395 566 1447 616 et
1498 562 1781 635 repetatur
1834 550 2148 629 antiphona
2188 552 2317 625 post
2367 553 2813 615 wnumqwnque

500 674 721 713 versum
737 656 974 732 psalmi,
1001 655 1056 713 si
1080 675 1286 713 necesse
1296 653 1502 730 fuerit.

582 745 698 807 His
716 750 984 828 peractis,
1014 757 1104 807 eat
1143 749 1428 827 episcopus
1455 745 1534 805 ad
1551 744 1816 824 primum
1857 741 2039 799 locum
2079 745 2130 796 et
2167 734 2379 794 ibidem
2418 726 2617 789 stando
2658 723 2817 782 dicat

503 844 649 901 hanc
675 845 1004 903 orationem.

589 939 794 1017 DeuS,
826 940 938 1024 qui
969 940 1039 1003 in
1072 939 1323 1005 sanctis
1354 938 1691 1012 habitanS,
1725 952 2025 1017 supernae
2068 922 2514 991 moderamine
2546 914 2820 1004 pietatis

502 1046 754 1107 terram
782 1044 1068 1108 mundus
1100 1043 1412 1107 mundam
1443 1039 1771 1113 formasti,
1804 1056 2003 1120 quam
2035 1033 2238 1097 etiam
2283 1025 2479 1112 primi
2508 1017 2820 1107 praevari-

501 1146 751 1209 catoris
781 1145 862 1209 de
896 1147 1201 1230 supernis
1238 1145 1435 1229 ejecti
1469 1144 1738 1208 sedibus
1781 1137 2204 1209 maculatam,
2237 1128 2473 1217 priscis
2504 1125 2821 1189 misertus

502 1248 800 1333 paradisi
830 1270 998 1333 quos
1042 1248 1290 1313 creasti
1334 1245 1599 1321 accolis,
1629 1244 1742 1329 pia
1786 1240 2108 1305 effusione
2155 1233 2410 1299 cruoris
2451 1225 2702 1313 proprii
2734 1223 2821 1287 ab

502 1351 680 1415 omni
710 1351 996 1435 antiquae
1028 1347 1592 1437 praevaricationis
1632 1343 1940 1427 contagio
1970 1338 2289 1403 mundare
2336 1338 2406 1397 et
2434 1332 2823 1411 abstergere

500 1453 817 1538 dignatus
871 1476 981 1530 es;
1030 1475 1407 1539 quaesumus
1459 1453 1850 1515 immensam
1903 1444 2225 1530 pietatem
2275 1443 2484 1511 tuam,
2529 1436 2607 1495 ut
2648 1431 2827 1494 hanc

502 1557 849 1623 ecclesiam
894 1558 1040 1642 (vel
1091 1559 1217 1620 hoc
1265 1551 1742 1636 coemeterium)
1795 1549 1971 1634 quod
2019 1544 2167 1630 (vel
2206 1537 2434 1625 quam)
2475 1535 2661 1620 prius
2705 1540 2829 1595 tua

504 1660 1027 1724 sanctificatione
1061 1659 1475 1722 sanctificare
1508 1653 1801 1730 voluisti,
1826 1648 2130 1736 quamvis
2154 1645 2295 1728 jam
2328 1638 2624 1723 ejusdem
2655 1655 2829 1698 novo
2906 1652 2918 1660 ·

501 1763 760 1827 insultu
804 1762 1336 1847 praevaricatoris
1380 1760 1804 1834 maculatam,
1841 1761 1957 1820 tua
2001 1748 2257 1817 coelesti
2299 1739 2828 1815 beneffldictione

503 1863 950 1943 bene-Edicas,
992 1871 1067 1930 ut
1114 1865 1227 1949 qui
1269 1866 1392 1929 sub
1435 1864 1675 1927 timore
1720 1865 1791 1925 et
1831 1876 2055 1923 amore
2097 1851 2198 1917 tui
2241 1846 2528 1912 nominis
2570 1841 2655 1907 ad
2697 1842 2828 1903 hoc

502 1969 870 2033 oratorium
902 1989 1022 2054 pro
1050 1966 1473 2052 impetranda
1505 1984 1776 2028 suorum
1823 1960 2248 2044 peccatorum
2277 1948 2473 2014 venia
2502 1962 2827 2009 convene-

500 2070 641 2133 rint
667 2070 815 2154 (vel
858 2070 926 2133 in
973 2071 1099 2133 hoc
1145 2066 1516 2133 coemeterio
1567 2061 1811 2148 sepulti
1855 2055 2133 2140 fuerint)
2181 2074 2252 2117 se
2294 2050 2389 2131 [in
2433 2051 2829 2132 perpetuum

504 2173 799 2238 omnium
849 2171 1112 2237 veniam
1164 2172 1616 2255 peccatorum]
1660 2165 2019 2247 impetrare
2074 2154 2412 2241 gaudeant
2462 2152 2531 2212 et
2581 2144 2831 2231 gaudia

503 2275 847 2363 percipere
882 2275 1290 2359 sempiterna
1318 2271 1654 2335 laetentur.
1742 2267 1872 2330 Per
1900 2260 2279 2325 Dominum.

583 2378 814 2438 Deinde
854 2385 942 2435 eat
960 2375 1218 2454 pontifex
1244 2376 1312 2432 in
1351 2373 1655 2440 ecclesiam,
1688 2376 1738 2427 et
1776 2366 1862 2425 ibi
1901 2369 2157 2423 cantetur
2184 2359 2298 2432 haep
2326 2351 2666 2430 antiphona,
2700 2346 2827 2405 licet

503 2475 874 2537 coemeterium
901 2480 1123 2532 tantum
1149 2471 1224 2529 sit
1250 2468 1693 2528 reconciliatum.

594 2572 927 2637 Confirma
971 2570 1115 2644 hoc,
1159 2566 1366 2641 Deus,
1415 2562 1591 2647 quod
1637 2564 1955 2644 operatus
2002 2572 2074 2616 es
2119 2550 2187 2613 in
2233 2545 2447 2620 nobis,
2495 2564 2536 2607 a
2581 2537 2832 2621 templo

508 2682 738 2742 sancto
770 2679 885 2738 tuo
917 2671 1090 2756 quod
1121 2674 1228 2733 est
1256 2668 1323 2731 in
1353 2663 1803 2730 Hierusalem.

591 2780 713 2841 Ps.
805 2774 1118 2839 Narrabo
1162 2790 1403 2835 nomen
1456 2772 1646 2831 tuum
1698 2759 2025 2827 fratribus
2069 2752 2277 2818 meis:
2331 2749 2401 2812 in
2452 2743 2668 2809 medio
2721 2763 2828 2805 ec-

506 2880 724 2947 clesiae
753 2876 1039 2941 laudabo
1071 2879 1162 2938 te.

590 2982 738 3067 Qui
785 2979 1038 3044 timetis
1105 2974 1487 3049 Dominum,
1543 2968 1817 3034 laudate
1886 2981 2071 3026 eum:
2142 2955 2525 3020 universum
2594 2965 2825 3011 semen

504 3086 713 3153 Jacob
744 3081 1112 3166 glorificate
1146 3098 1315 3141 eum.

589 3188 854 3252 Timeat
919 3204 1069 3247 eum
1130 3199 1322 3243 omne
1392 3194 1618 3239 semen
1675 3166 1926 3234 Israel:
1996 3159 2309 3247 quoniam
2367 3174 2503 3217 non
2565 3148 2825 3234 sprevit

504 3313 717 3376 neque
749 3286 1055 3372 despexit
1083 3278 1617 3368 deprecationem
1649 3269 1982 3357 pauperis.

589 3395 735 3458 Nec
782 3388 1028 3455 avertit
1070 3386 1311 3451 faciem
1358 3401 1546 3447 suam
1594 3399 1636 3441 a
1664 3394 1812 3437 me:
1858 3374 1930 3435 et
1958 3386 2107 3432 cum
2151 3363 2508 3428 clamarem
2541 3354 2624 3419 ad
2669 3373 2824 3415 eum

502 3494 847 3563 exaudivit
875 3514 1000 3556 me.

587 3597 820 3664 Gloria
850 3593 1058 3659 Patri.

585 3705 974 3782 Repetatur
1003 3692 1406 3774 antiphona.

581 3805 844 3872 Oratio.
935 3799 1236 3862 Oremus.

563 3909 788 3991 Deus,
816 3902 930 3987 qui
962 3898 1309 3965 ecclesiam
1342 3898 1528 3965 tuam
1555 3889 1855 3953 sanctam
1886 3881 1966 3945 de
1992 3875 2297 3943 omnibus
2326 3865 2555 3932 mundi
2580 3862 2822 3927 finibus

496 4013 993 4096 congregatam,
1040 4022 1161 4086 per
1203 3998 1306 4062 tui
1356 3992 1592 4058 lateris
1645 3982 2032 4054 admirabile
2088 3975 2578 4042 sacramentum
2625 3986 2819 4030 cunc-

494 4123 714 4182 tarum
746 4107 1050 4196 gentium
1094 4105 1378 4166 matrem
1419 4115 1566 4159 esse
1613 4088 1886 4163 dixisti3
1934 4103 2132 4169 quam
2179 4078 2378 4142 etiam
2423 4067 2822 4157 populorum

495 4218 825 4283 varietate
900 4207 1234 4293 depictam
1305 4202 1679 4282 martyrum
1753 4196 2020 4256 tuorum
2095 4179 2359 4246 meritis
2432 4168 2768 4238 decorasti
2805 4192 2821 4244 ;

494 4316 867 4397 bene—hdie,
913 4308 1215 4382 Domine,
1264 4319 1658 4388 quaesumus,
1706 4297 2083 4360 sanctorum
2131 4291 2398 4350 tuorum
2445 4272 2818 4361 opitulante
