3117 5025
949 414 1452 479 Intkronizatio
1485 417 2029 500 Archiepiscopi'.
2536 416 2662 483 379
2735 391 2745 401 ’

353 585 702 649 mentum
684 608 752 649 1n
786 589 1068 672 quodam
1102 595 1295 656 textu
1328 589 1686 676 Evangelii
1712 592 2034 676 scriptum
2066 589 2318 675 legere
2332 597 2401 654 et
2421 591 2660 674 jurare

354 687 553 754 debet
586 691 709 755 sub
744 691 959 756 forma
988 694 1340 757 verborum
1374 715 1495 777 per
1527 694 1753 758 omnia
1777 694 2243 810 subsequenti.

432 791 520 850 In
558 795 789 853 nomine
814 796 949 854 Dei.
1032 798 1237 856 Amen.
1321 797 1449 875 Eyo
1490 798 1572 856 N.
1593 798 1967 876 permissione
2007 798 2212 856 divina
2240 797 2408 873 hujus
2447 805 2654 856 sanctae

353 888 619 948 Ecclesia)
674 891 845 949 Ebor.
897 892 1397 971 Archiepiscopus,
1449 896 1506 951 A
1515 894 1687 970 ‘nylzoe
1731 895 1962 972 primas
2013 902 2065 953 et
2120 894 2458 971 Apostolicoe
2509 894 2657 952 sedis

354 984 639 1060 leqatzoe,
600 1008 740 1063 Juro
768 989 835 1046 in
862 990 1122 1047 animam
1143 1011 1325 1048 mea-m
1352 990 1502 1067 quod
1515 991 1682 1065 jura,
1703 990 2033 1067 privileqia‚
2057 990 2407 1061 libertates,
2381 991 2655 1048 emmuni-

357 1089 494 1139 tates
533 1091 584 1140 et
623 1085 1044 1143 consuetudines
1085 1086 1331 1162 ejusdem
1382 1085 1655 1143 Ecclesiae
1681 1085 1819 1160 juri
1845 1093 2237 1144 consentaneas
2279 1086 2569 1144 observabo
2609 1093 2660 1143 et

347 1200 455 1255 pro
481 1180 699 1238 viribus
720 1181 1017 1259 defendam
1035 1202 1059 1251 ;
1098 1181 1182 1240 sic
1204 1202 1290 1239 me
1311 1181 1469 1238 Deus
1490 1180 1720 1256 adjuvet
1740 1188 1791 1237 et
1809 1179 1924 1239 Ῐιωσ
1944 1189 2148 1238 sancta
2171 1179 2294 1239 Dei
2316 1181 2652 1258 Evanyelia.

357 1275 565 1334 Amen.

438 1371 691 1457 Quibus
739 1373 835 1438 sic
880 1373 1100 1451 factiS‚
1132 1374 1471 1438 Psalmum
1513 1373 1600 1436 Te
1646 1373 1860 1436 Deum
1909 1372 2275 1436 laudamus
2320 1394 2361 1436 a
2391 1372 2656 1437 domino

352 1474 625 1540 Decano
686 1477 833 1541 alta
897 1499 1054 1542 voce
1115 1477 1457 1562 inceptum
1519 1483 1706 1542 totus
1774 1477 2019 1539 chorus
2080 1476 2500 1560 procedendo
2568 1478 2654 1541 ad

357 1577 647 1644 Chorum
697 1583 917 1668 ipsum
973 1581 1316 1647 Psalmum
1374 1580 1769 1646 solemniter
1821 1581 2343 1665 pei-cantabunt,
2389 1581 2658 1644 domino

346 1686 869 1773 Archiepiscopo
894 1689 1165 1751 interim
1190 1687 1603 1771 procedendo
1631 1688 1714 1751 ad
1741 1707 2065 1750 summum
2087 1685 2305 1750 altare
2332 1685 2649 1750 Ecclesiae

351 1790 747 1875 supradictae
795 1797 864 1856 et
909 1792 1156 1856 ibidem
1209 1791 1724 1877 genuflectando
1771 1791 1852 1855 ad
1901 1790 2231 1874 quoddam
2284 1789 2648 1854 scabellum

353 1915 477 1978 pro
537 1895 686 1979 ipso
747 1897 1110 1960 honorifice
1173 1896 1577 1971 ordinatum,
1631 1895 1943 1958 dominus
2004 1894 2319 1958 Decanus
2377 1895 2658 1960 devotas
2692 1904 2705 1915 “

351 2001 691 2065 orationes
754 2023 903 2066 cum
967 2002 1176 2067 certis
1238 1998 1590 2064 versiculis
1660 1999 2098 2083 sequentibus
2162 2021 2369 2084 supra
2435 2000 2654 2085 ipsum

356 2102 762 2170 decantabit.

438 2209 674 2267 Oremus
695 2231 805 2287 pro
824 2218 1055 2287 pastore
1081 2209 1179 2268 ὥσ.

439 2302 730 2364 Dominus
758 2314 1034 2364 conservet
1062 2306 1160 2364 ὥσ.

437 2400 615 2459 Mitte
641 2402 696 2458 ei
721 2402 820 2460 ὥσ.
894 2460 898 2465 ,

440 2495 527 2556 Et
558 2497 622 2557 de
648 2498 792 2558 Sion
818 2497 918 2557 ὥσ.

440 2594 677 2652 Oremus
696 2616 808 2672 pro
834 2595 995 2653 omni
1018 2595 1207 2671 yradu
1233 2594 1331 2653 ὥσ.

440 2688 761 2749 Sacerdotes
788 2691 885 2749 ὥσ.

440 2786 807 2864 Omnipotens
833 2787 1008 2859 Deus,
1035 2789 1292 2852 omnium
1308 2787 1579 2864 fidelium
1592 2797 1795 2867 pastor
1820 2798 1871 2848 et
1897 2798 2079 2848 ‘rector
2105 2790 2204 2848 ὥσ.

447 2882 681 2946 Oratio
715 2905 918 2969 super
947 2884 1247 2967 pallium,
1279 2884 1486 2961 Deus,
1520 2889 1641 2967 qui
1673 2889 1878 2971 dique
1914 2888 2039 2950 tibi
2070 2888 2503 2951 servientium
2542 2888 2654 2968 §ra

442 2987 698 3072 Quibus
754 2990 849 3054 sic
909 2989 1131 3064 factis,
1185 2989 1504 3073 praefatus
1567 2990 1879 3055 dominus
1941 2991 2506 3076 Archiepiscopus
2567 2992 2651 3056 ad

357 3093 765 3157 vestibulum
810 3100 995 3157 retro
1041 3092 1256 3158 altare
1302 3115 1424 3178 pro
1470 3094 1616 3178 ipso
1659 3096 2062 3173 ordinatum,
2096 3095 2308 3160 sacris
2355 3095 2658 3160 vestibus

356 3196 629 3260 indutus
672 3204 740 3261 et
792 3197 1126 3274 mitratus,
1166 3197 1476 3286 baculum
1525 3220 1716 3264 suum
1766 3199 2174 3282 pastoralem
2220 3200 2290 3261 in
2344 3202 2654 3265 manibus

352 3303 496 3364 suis
528 3307 792 3377 tenens,
823 3301 1213 3385 procedebit
1244 3302 1328 3366 ad
1359 3323 1694 3365 summum
1727 3302 1942 3367 altare
1976 3308 2044 3367 et
2088 3303 2337 3367 ibidem
2371 3304 2651 3387 pallium

355 3425 549 3468 suum
599 3426 859 3469 sacrum
891 3405 1195 3489 recipiet,
1228 3404 1451 3489 ibique
1494 3391 2001 3489 genuflectendo
2048 3406 2132 3470 ad
2165 3406 2529 3471 scabellum
2576 3419 2655 3474 ut

349 3513 558 3593 prius,
608 3509 916 3572 dominus
970 3509 1280 3573 Decanus
1331 3510 1663 3593 quandam
1719 3511 2091 3574 orationem
2137 3510 2446 3574 devotam
2500 3534 2646 3576 cum

350 3611 683 3677 versiculo
747 3613 1065 3697 ejusdem,
1130 3619 1205 3678 ut
1271 3615 1581 3699 superius
1643 3620 2070 3691 memoratur,
2135 3635 2339 3700 supra
2396 3616 2648 3682 dictum

350 3717 688 3784 dominum
722 3718 1315 3804 Archiepiscopum
1349 3719 1587 3783 devote
1619 3720 2064 3804 percantabit.
2137 3738 2141 3743 ·

437 3820 688 3906 Quibus
720 3821 1114 3898 decantatis,
1143 3823 1461 3907 praefatus
1494 3824 1803 3888 dominus
1835 3823 2395 3908 Archiepiscopus
2430 3824 2648 3910 eriget

353 3946 426 3989 se
459 3933 527 3990 et
572 3926 919 3991 benedicet
948 3926 1266 4011 populum
1298 3933 1372 3991 ut
1404 3932 1509 3992 est
1539 3928 1763 4004 moris,
1797 3934 1865 3991 et
1895 3928 2338 3992 incontinenti
2382 3928 2646 4014 incepto

351 4031 803 4117 Responsorio
857 4033 1084 4107 Petre,
1138 4053 1336 4095 amas
1396 4054 1495 4095 me
1557 4054 1599 4097 a
1661 4038 2052 4097 succentore
2084 4031 2516 4106 ‘vicariorum
2576 4037 2646 4098 in

269 4145 276 4154 “
353 4136 556 4200 choro
612 4142 681 4201 et
750 4136 1050 4200 oratione
1096 4136 1280 4199 Deus
1335 4138 1456 4217 qui
1486 4137 1762 4219 famulo
1811 4146 1924 4200 tuo
1983 4138 2095 4218 ᾅσ.
2147 4157 2266 4221 per
2308 4137 2649 4203 Decanum

353 4245 647 4316 cantata,
683 4239 988 4324 sequitur
1036 4239 1428 4324 Antiphona
1460 4240 1813 4303 Firmetur
1859 4260 2008 4303 cum
2058 4241 2363 4305 oratione
2417 4242 2646 4320 Tuam,

354 4346 860 4496 clemesstjssime
894 4345 1127 4406 Pater.
