3117 5025
490 408 620 476 252
970 411 1410 493 comem-atio
1448 407 1759 476 ozeorum
1794 415 1860 473 et
1896 402 2330 473 Okrismatis.

1619 736 1682 808 Ι.

626 940 848 1013 fflrom
880 939 988 1013 the
1022 938 1442 1035 Pontzflcals
1474 936 1566 1033 of
1582 937 1690 1011 the
1722 934 1906 1008 xiith
1939 943 2230 1029 century
2261 930 2420 1004 and
2453 928 2694 1002 others,

589 1138 752 1224 Ipso
783 1138 890 1203 die
921 1137 1138 1221 primo
1169 1157 1366 1201 mane
1398 1136 1718 1201 custodes
1749 1133 2048 1199 ecclesiae
2078 1131 2395 1197 ordinent
2423 1127 2653 1194 omnia
2680 1147 2831 1210 quae

501 1242 589 1308 ad
642 1240 1187 1306 consecrationes
1241 1239 1541 1304 oleorum
1605 1244 1766 1305 sunt
1822 1236 2245 1312 necessaria3
2307 1239 2451 1300 tres
2510 1230 2836 1295 videlicet

500 1344 841 1430 ampullas
863 1344 946 1409 de
968 1344 1117 1408 oleo
1142 1342 1583 1407 mundissimo
1606 1342 1866 1428 plenas,
1887 1362 2088 1405 unam
2115 1340 2197 1403 de
2223 1339 2366 1402 oleo
2390 1336 2831 1410 infirmorum,

500 1448 792 1513 alteram
838 1447 924 1512 ad
968 1447 1491 1512 catechumenos
1535 1444 1912 1531 ungendos,
1941 1442 2221 1507 tertiam
2265 1459 2427 1503 vero
2473 1437 2559 1502 ad
2601 1455 2838 1501 conse-

502 1551 827 1616 crandum
893 1550 1189 1614 chrisma
1253 1552 1739 1634 praeparatam;
1807 1545 2304 1632 praevideatque
2372 1540 2678 1627 pontifex
2745 1537 2831 1602 de

504 1658 833 1723 balsamo.
923 1656 1362 1740 Unaquaeque
1383 1660 1609 1720 autem
1629 1653 2083 1739 ampullarum
2107 1647 2536 1714 discretionis
2556 1643 2837 1711 titulum

506 1782 714 1845 super
781 1780 856 1825 se
915 1763 1154 1824 teneat
1218 1759 1642 1845 inscriptum,
1697 1757 1849 1821 Hoc
1910 1762 2019 1821 est
2076 1754 2316 1820 Oleum
2383 1750 2831 1822 infirmorum,

506 1863 746 1930 Oleum
775 1862 863 1928 ad
891 1862 1395 1947 baptizandum,
1427 1861 1668 1927 Oleum
1699 1858 2110 1926 chrismatis.

616 1966 808 2031 Tunc
866 1988 1006 2032 una
1064 1971 1333 2032 tantum
1395 1970 1679 2031 sonetur
1736 1985 2087 2049 campana,
2149 1958 2688 2042 conveniantque
2750 1954 2837 2020 ad

505 2069 860 2135 ecclesiam
906 2069 1139 2156 populi
1191 2069 1420 2155 gratia
1471 2068 1928 2154 promerendae
1981 2062 2431 2132 absolutionis
2485 2062 2627 2126 sive
2657 2057 2840 2125 con-

507 2172 817 2237 secrandi
865 2172 997 2237 olei
1045 2177 1117 2237 et
1161 2173 1574 2237 chrismatis.
1666 2172 1965 2256 Moxque
2022 2191 2095 2234 se
2140 2166 2519 2254 presbyteri
2550 2166 2840 2230 induant

505 2276 818 2342 vestibus
849 2275 1382 2341 sacerdotalibus
1411 2275 1497 2340 ad
1542 2273 2001 2339 deducendum
2045 2271 2433 2357 pontificem
2455 2291 2472 2345 ;
2521 2267 2843 2332 similiter

508 2384 582 2444 et
612 2379 905 2463 quinque
940 2378 976 2415 ²*
1006 2378 1271 2443 diaconi
1303 2377 1716 2462 totidemque
1749 2375 2142 2442 subdiaconi
2174 2374 2258 2438 ad
2289 2371 2680 2457 peragenda
2709 2369 2844 2434 sibi

503 2483 815 2566 injuncta.
859 2481 1096 2547 officia.
1188 2481 1519 2566 Stentque
1566 2481 1636 2545 in
1691 2480 1924 2565 ordine
1980 2498 2103 2544 suo
2148 2476 2399 2564 singuli
2451 2474 2838 2561 praeparati,

505 2588 717 2653 donec
759 2587 993 2652 veniat
1038 2586 1416 2674 episcopus.
1507 2586 1763 2653 Cantor
1804 2608 1965 2653 vero
2011 2585 2457 2650 nihilominus
2501 2582 2572 2646 in
2612 2583 2838 2647 medio

509 2691 713 2755 choro
743 2690 1039 2755 vestitus
1070 2690 1347 2776 incipiat
1385 2690 1764 2767 introitum,
1792 2691 1944 2754 Nos
1987 2698 2217 2754 autem
2241 2687 2550 2773 qloriari
2565 2708 2593 2765 ,·
2637 2707 2839 2769 quem

507 2797 1009 2878 prosequantur
1061 2794 1363 2858 universi
1414 2815 1564 2859 cum
1609 2793 1870 2879 psalmo
1917 2795 1988 2857 et
2045 2793 2293 2857 Gloria
2341 2791 2580 2855 Patri.
2672 2790 2837 2855 Pro-

509 2895 832 2980 cedatque
879 2895 1235 2981 episcopus
1281 2896 1367 2961 ad
1412 2896 1634 2962 altare
1680 2917 1827 2961 cum
1881 2895 2313 2980 processione
2358 2895 2628 2972 festiva,
2671 2916 2845 2981 prae-

507 2998 903 3064 cedentibus
933 2997 1268 3064 ministris
1292 3019 1443 3063 cum
1475 2999 1714 3076 cereis,
1742 3019 1891 3063 cum
1920 2997 2291 3062 thuribulis
2323 3001 2393 3062 et
2422 2997 2797 3083 evangeliis
2821 3021 2841 3074 3

505 3099 994 3184 decantatoque
1061 3100 1288 3184 Kyrie
1354 3099 1647 3184 eleyson,
1716 3100 1989 3165 inchoet
2059 3099 2368 3183 pontifex
2442 3098 2690 3164 Gloria
2756 3102 2839 3164 in

504 3203 795 3275 excelsis
817 3204 982 3280 Deo,
1010 3208 1469 3289 sequaturque
1492 3205 1800 3281 collecta,
1823 3205 2009 3269 Deus
2031 3225 2080 3268 a
2111 3226 2266 3287 quo.
2355 3205 2544 3269 Tunc
2567 3203 2844 3289 legatur

508 3308 825 3393 epistola,
873 3308 1112 3374 deinde
1161 3309 1464 3396 gradale.
1552 3309 1965 3374 Procedente
2027 3328 2292 3393 quoque
2353 3308 2438 3373 ad
2493 3308 2841 3393 evangeli-

506 3411 791 3476 zandum
837 3411 1140 3491 diacon0,
1194 3413 1647 3497 praeferantur
1705 3410 2070 3476 luminaria
2121 3417 2194 3476 et
2250 3411 2596 3476 incensum
2645 3434 2838 3478 more

515 3511 743 3576 solito.
830 3512 1413 3597 Pronuntiatoque
1438 3511 1818 3596 evangelio,
1843 3511 2096 3576 inferat
2126 3511 2482 3597 episcopus
2504 3512 2847 3576 Dominus

513 3617 857 3680 vobiscum
899 3619 970 3681 et
1019 3617 1318 3682 Oramus.
1407 3615 1542 3679 Hic
1590 3619 1913 3698 sequatur
1956 3614 2398 3691 offertorium,
2431 3619 2502 3680 et
2547 3615 2847 3681 offerant

511 3718 627 3801 qui
694 3718 1072 3796 voluerint3
1142 3722 1303 3803 post
1368 3719 1508 3783 haec
1578 3722 1843 3782 secreta
1911 3722 2178 3801 agatur,
2241 3723 2313 3782 et
2375 3718 2704 3802 praefatio,
2767 3725 2844 3785 et

511 3823 833 3897 Sanctus,
857 3823 1180 3899 Sanctus,
1206 3823 1530 3885 Sanctus.
1620 3819 1796 3885 Dum
1821 3819 2069 3885 dicitur
2097 3821 2185 3885 Te
2208 3822 2456 3905 iqitur,
2471 3822 2845 3905 procedant

505 3922 588 3986 de
636 3923 936 3987 sacrario
980 3923 1277 3988 ministri
1325 3923 1537 3988 sacris
1582 3923 1889 3988 vestibus
1934 3923 2156 3988 induti
2201 3944 2325 4007 per
2377 3943 2498 3986 sex
2544 3924 2842 4001 ordines,

506 4027 666 4111 quia
687 4047 810 4111 per
832 4046 952 4091 sex
976 4031 1214 4092 aetates
1240 4027 1465 4093 saeculi
1489 4026 1816 4092 hodierna
1846 4032 2007 4092 sunt
2030 4027 2358 4112 mysteria
2381 4028 2842 4113 praefigurata.

501 4129 582 4193 In
615 4129 831 4215 primo
864 4129 1133 4214 quidem
1157 4129 1388 4194 ordine
1419 4129 1686 4195 diaconi
1719 4129 1850 4193 duo
1873 4128 2332 4213 praecedentes
2361 4128 2524 4194 bina
2549 4129 2840 4195 efferant

501 4354 537 4389 ⁴⁸*
573 4352 999 4424 septem.—Ely,
1039 4351 1271 4419 Winton,
1297 4350 1450 4404 Line.

3068 1195 3100 1396 'XL-*4

3094 4104 3100 4217 Ι

3097 4240 3099 4339 4
