3117 5025
241 4339 278 4366 Ο

1019 352 1389 415 Ordinatio
1426 353 1906 414 Diaconorum.
2535 350 2617 411 31

308 563 2624 661 m

313 711 381 773 in
445 732 524 774 e·
547 712 606 775 is
665 713 823 777 to-ti
843 751 870 762 -
890 733 971 775 us
1029 712 1245 776 forma
1302 710 1406 774 vir
1426 747 1454 760 ··
1474 715 1575 774 tu·
1595 709 1705 785 tis,
1768 713 1961 773 aucto
1982 708 2225 773 -ri-tas
2267 708 2621 786 mo-desta,

313 838 2628 936 -.Z-W

309 986 549 1069 pu—doi·
592 993 926 1063 constane,
978 984 1372 1049 inno-cen-ti
1402 1022 1428 1034 -
1460 1006 1513 1048 ae
1564 984 1904 1068 pu-ri-taS,
1958 988 2028 1047 et
2073 982 2627 1068 spi-ri-tu-a-lis

305 1134 2631 1233 w

310 1263 692 1327 observanti
712 1301 740 1313 -
762 1284 803 1327 a
853 1261 1173 1346 dis-ci—pli
1196 1300 1223 1311 -
1241 1283 1360 1326 nae.
1421 1262 1500 1325 In
1540 1259 1894 1324 mo-ri-bus
1926 1279 1962 1321 e
1981 1296 2002 1308 -
2030 1278 2216 1321 orum
2245 1262 2634 1343 prae-cepta

308 1392 2634 1489 m

310 1543 386 1602 tu
417 1575 446 1588 -
476 1560 518 1603 a
552 1539 734 1624 fulge
755 1575 781 1587 -
801 1543 938 1614 ant,
966 1543 1061 1615 ut,
1109 1559 1189 1601 su
1219 1576 1245 1588 -
1277 1562 1329 1603 ae
1373 1560 1487 1603 cas
1506 1576 1532 1587 -
1551 1537 1830 1603 ti-ta-tis
1876 1535 2225 1621 ex-emplo,
2270 1535 2633 1600 i-mi-ta-ti-

311 1668 2639 1680 m-

318 1835 542 1877 o-nem
590 1821 833 1878 sanctae
879 1813 1122 1897 ple-bis
1174 1814 1636 1897 ac-qui-rant,
1683 1817 1752 1877 et
1802 1814 2072 1877 bo-num
2126 1812 2632 1877 consci-enti-ae

314 1944 2639 2039 w

324 2088 937 2152 tes-ti-mo-ni-um
981 2088 1488 2172 prae-fe-renteS,
1537 2088 1605 2151 in
1645 2085 1912 2151 Christo
1956 2087 2129 2150 firmi
2187 2092 2258 2152 et
2300 2087 2635 2152 sta-bi-les

322 2237 2636 2312 Emz-Lssd-——Hz—-d—H——ss

316 2366 852 2446 per-se-ve·1·ent‚
899 2360 1277 2447 dignis-que
1325 2361 1770 2425 successi-bus
1814 2361 1895 2424 de
1954 2360 2434 2425 in-fe-ri-o-ri
2477 2382 2629 2445 gra-

2036 2570 2139 2599 -
2176 2535 2613 2602 -—--=

313 2636 423 2712 du,
454 2657 578 2720 per
606 2636 814 2721 gra-ti
835 2674 859 2685 -
880 2657 987 2700 am
1020 2640 1094 2699 tu
1114 2674 1140 2685 -
1161 2658 1268 2700 am
1300 2656 1594 2720 ca-pe-re
1625 2636 1795 2721 po-ti
1816 2674 1842 2685 -
1863 2658 1900 2699 o
1921 2674 1947 2685 -
1967 2657 2045 2701 ra
2103 2658 2207 2700 me
2228 2675 2254 2686 -
2274 2644 2593 2714 re-antur,

314 2740 654 2802 submissa
682 2758 858 2815 voce,
890 2741 1034 2802 sine
1063 2748 1246 2802 nota.

313 2862 436 2924 per
465 2841 744 2905 eundem
773 2840 1128 2904 Dominum
1159 2844 1480 2904 nostrum.
1572 2839 1653 2904 In
1684 2841 1940 2906 unitate
1972 2841 2288 2926 ejusdem.

394 2943 555 3000 Tunc
570 2950 752 3019 ponat
789 2941 1032 3016 sinqulis
1058 2962 1226 3019 super
1264 2941 1561 2999 sinistrum
1601 2942 1895 3000 humerum
1934 2943 2134 3000 stolam
2175 2965 2344 3020 usque
2385 2945 2621 3003 acellam

315 3037 601 3095 dexteram
626 3037 829 3107 subtus,
859 3035 1080 3096 dicens:

406 3135 649 3218 Accipe
710 3133 950 3199 stolam
1011 3135 1534 3200 immortalitatis
1561 3158 1576 3198 :
1639 3136 1838 3220 imple
1897 3137 2334 3201 ministerium
2398 3147 2580 3202 tuum
2617 3165 2631 3204 :

321 3242 559 3321 potens
589 3236 767 3300 enim
799 3243 907 3301 est
936 3236 1120 3300 Deus
1152 3242 1229 3301 ut
1258 3244 1503 3322 augeat
1533 3238 1654 3302 tibi
1687 3239 1992 3323 gratiam²
2467 3212 2495 3237 ἱ

408 3341 794 3424 Subjunyat
826 3342 1241 3422 Episcopus:

407 3443 549 3507 Pax
578 3447 817 3507 tecum.

410 3548 506 3610 Et
535 3548 896 3609 ordinatus
928 3557 1172 3611 secrete
1202 3551 1612 3628 respondeat
1631 3574 1653 3611 .-

409 3648 501 3712 Et
531 3670 676 3712 cum
711 3647 949 3732 spiritu
978 3653 1115 3712 tuo·

414 3751 588 3813 Post
648 3751 769 3813 hoc
837 3751 1080 3816 tradat.
1136 3753 1232 3814 eis
1301 3751 1712 3833 sinyillatim
1774 3751 2020 3815 librum
2087 3755 2634 3840 Evanyeliorum,

324 3854 590 3916 dicens:

416 3952 657 4037 Accipe
702 3957 1103 4037 potestatem
1149 3952 1414 4036 legendi
1460 3954 1877 4038 evangelium
1908 3954 2031 4019 Dei
2067 3956 2131 4018 in
2181 3959 2457 4022 ecclesia
2503 3969 2637 4023 tam

330 4076 453 4140 pro
484 4055 653 4119 vivis
683 4076 882 4138 quam
915 4076 1034 4140 pro
1066 4054 1397 4119 defunctis
1428 4055 1499 4117 in
1529 4055 1791 4119 nomine
1826 4055 2109 4121 Domini.

427 4158 803 4221 ordinatus
833 4159 1244 4237 respoudeat
1263 4181 1283 4217 .-

419 4259 560 4322 Deo
592 4260 870 4342 gratias,
