<?xml version="1.0" encoding="UTF-8"?>
<!DOCTYPE html PUBLIC "-//W3C//DTD XHTML 1.0 Transitional//EN"
    "http://www.w3.org/TR/xhtml1/DTD/xhtml1-transitional.dtd">
<html xmlns="http://www.w3.org/1999/xhtml" xml:lang="en" lang="en">
 <head>
  <title>
</title>
<meta http-equiv="Content-Type" content="text/html;charset=utf-8" />
  <meta name='ocr-system' content='tesseract 3.04.00' />
  <meta name='ocr-capabilities' content='ocr_page ocr_carea ocr_par ocr_line ocrx_word'/>
</head>
<body>
  <div class='ocr_page' id='page_1' title='image "./liberpontifical00hendgoog_0399.png"; bbox 0 0 3117 5025; ppageno 0'>
   <div class='ocr_carea' id='block_1_1' title="bbox 1019 392 2622 466">
    <p class='ocr_par' dir='ltr' id='par_1_1' title="bbox 1019 392 2622 466">
     <span class='ocr_line' id='line_1_1' title="bbox 1019 392 2622 466; baseline -0.004 -3"><span class='ocrx_word' id='word_1_1' title='bbox 1019 400 1546 466; x_wconf 71' lang='lat' dir='ltr'><strong>Benedictiones</strong></span> <span class='ocrx_word' id='word_1_2' title='bbox 1579 400 1906 464; x_wconf 68' lang='lat' dir='ltr'><strong>Diversae.</strong></span> <span class='ocrx_word' id='word_1_3' title='bbox 2495 392 2622 458; x_wconf 80' lang='lat'><strong>347</strong></span> 
     </span>
    </p>
   </div>
   <div class='ocr_carea' id='block_1_2' title="bbox 826 742 2100 813">
    <p class='ocr_par' dir='ltr' id='par_1_2' title="bbox 826 742 2100 813">
     <span class='ocr_line' id='line_1_2' title="bbox 826 742 2100 813; baseline 0.002 -6"><span class='ocrx_word' id='word_1_4' title='bbox 826 742 1160 810; x_wconf 88' lang='lat' dir='ltr'><strong>ORATIO</strong></span> <span class='ocrx_word' id='word_1_5' title='bbox 1208 745 1379 812; x_wconf 91' lang='lat' dir='ltr'><strong>PRO</strong></span> <span class='ocrx_word' id='word_1_6' title='bbox 1424 745 2100 813; x_wconf 82' lang='lat' dir='ltr'><strong>REGNANTIBUS.</strong></span> 
     </span>
    </p>
   </div>
   <div class='ocr_carea' id='block_1_3' title="bbox 300 927 2634 1424">
    <p class='ocr_par' dir='ltr' id='par_1_3' title="bbox 300 927 2634 1424">
     <span class='ocr_line' id='line_1_3' title="bbox 394 927 2630 1023; baseline -0.012 -5"><span class='ocrx_word' id='word_1_7' title='bbox 394 927 835 1015; x_wconf 68' lang='lat' dir='ltr'><strong>Omnipotens</strong></span> <span class='ocrx_word' id='word_1_8' title='bbox 883 940 953 999; x_wconf 92' lang='lat' dir='ltr'><strong>et</strong></span> <span class='ocrx_word' id='word_1_9' title='bbox 982 936 1368 1002; x_wconf 81' lang='lat' dir='ltr'><strong>misericors</strong></span> <span class='ocrx_word' id='word_1_10' title='bbox 1400 939 1611 1016; x_wconf 90' lang='lat' dir='ltr'><strong>Deus,</strong></span> <span class='ocrx_word' id='word_1_11' title='bbox 1644 938 1839 1023; x_wconf 89' lang='lat' dir='ltr'><strong>cujus</strong></span> <span class='ocrx_word' id='word_1_12' title='bbox 1879 955 2160 1023; x_wconf 86' lang='lat' dir='ltr'><strong>regnum</strong></span> <span class='ocrx_word' id='word_1_13' title='bbox 2191 952 2474 1018; x_wconf 80' lang='lat' dir='ltr'><strong>regnum</strong></span> <span class='ocrx_word' id='word_1_14' title='bbox 2523 933 2630 994; x_wconf 90' lang='lat' dir='ltr'><strong>est</strong></span> 
     </span>
     <span class='ocr_line' id='line_1_4' title="bbox 307 1032 2627 1125; baseline 0.001 -33"><span class='ocrx_word' id='word_1_15' title='bbox 307 1032 601 1096; x_wconf 90' lang='lat' dir='ltr'><strong>omnium</strong></span> <span class='ocrx_word' id='word_1_16' title='bbox 636 1037 1052 1115; x_wconf 73' lang='lat' dir='ltr'><strong>saeculorum,</strong></span> <span class='ocrx_word' id='word_1_17' title='bbox 1089 1041 1619 1125; x_wconf 81' lang='lat' dir='ltr'><strong>supplicationes</strong></span> <span class='ocrx_word' id='word_1_18' title='bbox 1651 1049 1926 1108; x_wconf 86' lang='lat' dir='ltr'><strong>nostras</strong></span> <span class='ocrx_word' id='word_1_19' title='bbox 1966 1040 2335 1104; x_wconf 90' lang='lat' dir='ltr'><strong>clementer</strong></span> <span class='ocrx_word' id='word_1_20' title='bbox 2364 1034 2627 1110; x_wconf 81' lang='lat' dir='ltr'><strong>exaudi,</strong></span> 
     </span>
     <span class='ocr_line' id='line_1_5' title="bbox 306 1127 2634 1233; baseline 0.001 -35"><span class='ocrx_word' id='word_1_21' title='bbox 306 1141 377 1199; x_wconf 91' lang='lat' dir='ltr'><strong>et</strong></span> <span class='ocrx_word' id='word_1_22' title='bbox 407 1135 863 1204; x_wconf 88' lang='lat' dir='ltr'><strong>Romanorum</strong></span> <span class='ocrx_word' id='word_1_23' title='bbox 894 1163 1134 1228; x_wconf 84' lang='lat' dir='ltr'><strong>regum</strong></span> <span class='ocrx_word' id='word_1_24' title='bbox 1167 1127 1292 1210; x_wconf 89' lang='lat' dir='ltr'><strong>tibi</strong></span> <span class='ocrx_word' id='word_1_25' title='bbox 1326 1147 1667 1211; x_wconf 90' lang='lat' dir='ltr'><strong>subditum</strong></span> <span class='ocrx_word' id='word_1_26' title='bbox 1702 1152 1987 1233; x_wconf 87' lang='lat' dir='ltr'><strong>protege</strong></span> <span class='ocrx_word' id='word_1_27' title='bbox 2017 1143 2509 1229; x_wconf 83' lang='lat' dir='ltr'><strong>principatum3</strong></span> <span class='ocrx_word' id='word_1_28' title='bbox 2556 1145 2634 1201; x_wconf 90' lang='lat' dir='ltr'><strong>ut</strong></span> 
     </span>
     <span class='ocr_line' id='line_1_6' title="bbox 300 1237 2628 1334; baseline 0.002 -33"><span class='ocrx_word' id='word_1_29' title='bbox 300 1237 373 1300; x_wconf 92' lang='lat' dir='ltr'><strong>in</strong></span> <span class='ocrx_word' id='word_1_30' title='bbox 402 1244 523 1304; x_wconf 89' lang='lat' dir='ltr'><strong>tua</strong></span> <span class='ocrx_word' id='word_1_31' title='bbox 556 1242 811 1307; x_wconf 88' lang='lat' dir='ltr'><strong>virtute</strong></span> <span class='ocrx_word' id='word_1_32' title='bbox 857 1245 1163 1323; x_wconf 89' lang='lat' dir='ltr'><strong>fidentes,</strong></span> <span class='ocrx_word' id='word_1_33' title='bbox 1198 1253 1269 1312; x_wconf 92' lang='lat' dir='ltr'><strong>et</strong></span> <span class='ocrx_word' id='word_1_34' title='bbox 1300 1249 1423 1313; x_wconf 91' lang='lat' dir='ltr'><strong>tibi</strong></span> <span class='ocrx_word' id='word_1_35' title='bbox 1456 1249 1772 1334; x_wconf 81' lang='lat' dir='ltr'>placeant</span> <span class='ocrx_word' id='word_1_36' title='bbox 1803 1254 1874 1314; x_wconf 89' lang='lat' dir='ltr'><strong>et</strong></span> <span class='ocrx_word' id='word_1_37' title='bbox 1919 1267 2122 1332; x_wconf 90' lang='lat' dir='ltr'><strong>super</strong></span> <span class='ocrx_word' id='word_1_38' title='bbox 2158 1245 2385 1309; x_wconf 85' lang='lat' dir='ltr'><strong>omnia</strong></span> <span class='ocrx_word' id='word_1_39' title='bbox 2413 1262 2628 1328; x_wconf 88' lang='lat' dir='ltr'><strong>regna</strong></span> 
     </span>
     <span class='ocr_line' id='line_1_7' title="bbox 303 1343 963 1424; baseline 0.015 -22"><span class='ocrx_word' id='word_1_40' title='bbox 303 1343 718 1424; x_wconf 72' lang='lat' dir='ltr'>praecellant.</span> <span class='ocrx_word' id='word_1_41' title='bbox 811 1347 963 1413; x_wconf 85' lang='lat' dir='ltr'><strong>Per.</strong></span> 
     </span>
    </p>
   </div>
   <div class='ocr_carea' id='block_1_4' title="bbox 308 1445 2635 1949">
    <p class='ocr_par' dir='ltr' id='par_1_4' title="bbox 392 1445 563 1503">
     <span class='ocr_line' id='line_1_8' title="bbox 392 1445 563 1503; baseline 0.018 -3"><span class='ocrx_word' id='word_1_42' title='bbox 392 1445 563 1503; x_wconf 73' lang='lat' dir='ltr'><strong>Alia.</strong></span> 
     </span>
    </p>

    <p class='ocr_par' dir='ltr' id='par_1_5' title="bbox 308 1543 2635 1949">
     <span class='ocr_line' id='line_1_9' title="bbox 396 1543 2629 1639; baseline 0.003 -33"><span class='ocrx_word' id='word_1_43' title='bbox 396 1543 838 1630; x_wconf 78' lang='lat' dir='ltr'><strong>Omnipotens</strong></span> <span class='ocrx_word' id='word_1_44' title='bbox 882 1552 1293 1637; x_wconf 76' lang='lat' dir='ltr'><strong>sempiterne</strong></span> <span class='ocrx_word' id='word_1_45' title='bbox 1339 1551 1546 1630; x_wconf 90' lang='lat' dir='ltr'><strong>Deus,</strong></span> <span class='ocrx_word' id='word_1_46' title='bbox 1590 1553 1705 1638; x_wconf 93' lang='lat' dir='ltr'><strong>qui</strong></span> <span class='ocrx_word' id='word_1_47' title='bbox 1748 1553 1982 1639; x_wconf 88' lang='lat' dir='ltr'><strong>regnis</strong></span> <span class='ocrx_word' id='word_1_48' title='bbox 2027 1551 2337 1618; x_wconf 89' lang='lat' dir='ltr'><strong>omnibus</strong></span> <span class='ocrx_word' id='word_1_49' title='bbox 2381 1552 2629 1613; x_wconf 68' lang='lat' dir='ltr'><strong>aeterno</strong></span> 
     </span>
     <span class='ocr_line' id='line_1_10' title="bbox 308 1647 2627 1743; baseline 0.003 -33"><span class='ocrx_word' id='word_1_50' title='bbox 308 1647 681 1714; x_wconf 86' lang='lat' dir='ltr'><strong>dominaris</strong></span> <span class='ocrx_word' id='word_1_51' title='bbox 744 1653 1070 1738; x_wconf 84' lang='lat' dir='ltr'><strong>imperi03</strong></span> <span class='ocrx_word' id='word_1_52' title='bbox 1140 1656 1393 1722; x_wconf 89' lang='lat' dir='ltr'><strong>inclina</strong></span> <span class='ocrx_word' id='word_1_53' title='bbox 1453 1658 1537 1721; x_wconf 90' lang='lat' dir='ltr'><strong>ad</strong></span> <span class='ocrx_word' id='word_1_54' title='bbox 1608 1679 1844 1743; x_wconf 85' lang='lat' dir='ltr'><strong>preces</strong></span> <span class='ocrx_word' id='word_1_55' title='bbox 1911 1655 2320 1720; x_wconf 88' lang='lat' dir='ltr'><strong>humilitatis</strong></span> <span class='ocrx_word' id='word_1_56' title='bbox 2379 1659 2627 1719; x_wconf 86' lang='lat' dir='ltr'><strong>nostrae</strong></span> 
     </span>
     <span class='ocr_line' id='line_1_11' title="bbox 312 1756 2635 1847; baseline 0.002 -33"><span class='ocrx_word' id='word_1_57' title='bbox 312 1773 514 1817; x_wconf 87' lang='lat' dir='ltr'><strong>aures</strong></span> <span class='ocrx_word' id='word_1_58' title='bbox 561 1756 1039 1824; x_wconf 75' lang='lat' dir='ltr'><strong>misericordiae</strong></span> <span class='ocrx_word' id='word_1_59' title='bbox 1072 1765 1225 1836; x_wconf 72' lang='lat' dir='ltr'><strong>tuae,</strong></span> <span class='ocrx_word' id='word_1_60' title='bbox 1258 1765 1329 1825; x_wconf 93' lang='lat' dir='ltr'><strong>et</strong></span> <span class='ocrx_word' id='word_1_61' title='bbox 1371 1760 1659 1825; x_wconf 87' lang='lat' dir='ltr'><strong>Romani</strong></span> <span class='ocrx_word' id='word_1_62' title='bbox 1690 1763 1886 1847; x_wconf 87' lang='lat' dir='ltr'><strong>regni</strong></span> <span class='ocrx_word' id='word_1_63' title='bbox 1919 1760 2156 1826; x_wconf 86' lang='lat' dir='ltr'><strong>adesto</strong></span> <span class='ocrx_word' id='word_1_64' title='bbox 2202 1757 2635 1844; x_wconf 89' lang='lat' dir='ltr'><strong>principibus,</strong></span> 
     </span>
     <span class='ocr_line' id='line_1_12' title="bbox 310 1860 2632 1949; baseline 0.001 -29"><span class='ocrx_word' id='word_1_65' title='bbox 310 1862 392 1920; x_wconf 94' lang='lat' dir='ltr'><strong>ut</strong></span> <span class='ocrx_word' id='word_1_66' title='bbox 436 1860 935 1944; x_wconf 76' lang='lat' dir='ltr'><strong>tranquillitate</strong></span> <span class='ocrx_word' id='word_1_67' title='bbox 984 1884 1325 1940; x_wconf 87' lang='lat' dir='ltr'><strong>concessa,</strong></span> <span class='ocrx_word' id='word_1_68' title='bbox 1361 1871 1481 1928; x_wconf 89' lang='lat' dir='ltr'><strong>tua</strong></span> <span class='ocrx_word' id='word_1_69' title='bbox 1523 1866 1663 1929; x_wconf 90' lang='lat' dir='ltr'><strong>sint</strong></span> <span class='ocrx_word' id='word_1_70' title='bbox 1709 1886 1974 1949; x_wconf 89' lang='lat' dir='ltr'><strong>semper</strong></span> <span class='ocrx_word' id='word_1_71' title='bbox 2025 1863 2273 1926; x_wconf 87' lang='lat' dir='ltr'><strong>virtute</strong></span> <span class='ocrx_word' id='word_1_72' title='bbox 2322 1862 2632 1926; x_wconf 88' lang='lat' dir='ltr'><strong>victores.</strong></span> 
     </span>
    </p>
   </div>
   <div class='ocr_carea' id='block_1_5' title="bbox 313 1960 562 2123">
    <p class='ocr_par' dir='ltr' id='par_1_6' title="bbox 313 1960 562 2123">
     <span class='ocr_line' id='line_1_13' title="bbox 313 1960 464 2024; baseline 0 0"><span class='ocrx_word' id='word_1_73' title='bbox 313 1960 464 2024; x_wconf 89' lang='lat' dir='ltr'><strong>Per.</strong></span> 
     </span>
     <span class='ocr_line' id='line_1_14' title="bbox 397 2065 562 2123; baseline 0.012 -2"><span class='ocrx_word' id='word_1_74' title='bbox 397 2065 562 2123; x_wconf 76' lang='lat' dir='ltr'><strong>Alia.</strong></span> 
     </span>
    </p>
   </div>
   <div class='ocr_carea' id='block_1_6' title="bbox 305 2159 2638 2541">
    <p class='ocr_par' dir='ltr' id='par_1_7' title="bbox 305 2159 2638 2541">
     <span class='ocr_line' id='line_1_15' title="bbox 392 2159 2636 2249; baseline 0 -26"><span class='ocrx_word' id='word_1_75' title='bbox 392 2159 600 2238; x_wconf 92' lang='lat' dir='ltr'><strong>Deus,</strong></span> <span class='ocrx_word' id='word_1_76' title='bbox 634 2163 705 2225; x_wconf 91' lang='lat' dir='ltr'><strong>in</strong></span> <span class='ocrx_word' id='word_1_77' title='bbox 741 2168 809 2228; x_wconf 91' lang='lat' dir='ltr'><strong>te</strong></span> <span class='ocrx_word' id='word_1_78' title='bbox 845 2166 1263 2249; x_wconf 88' lang='lat' dir='ltr'><strong>sperantium</strong></span> <span class='ocrx_word' id='word_1_79' title='bbox 1312 2165 1500 2230; x_wconf 90' lang='lat' dir='ltr'><strong>salus</strong></span> <span class='ocrx_word' id='word_1_80' title='bbox 1534 2170 1605 2230; x_wconf 94' lang='lat' dir='ltr'><strong>et</strong></span> <span class='ocrx_word' id='word_1_81' title='bbox 1635 2166 1760 2232; x_wconf 90' lang='lat' dir='ltr'><strong>tibi</strong></span> <span class='ocrx_word' id='word_1_82' title='bbox 1810 2163 2251 2229; x_wconf 90' lang='lat' dir='ltr'><strong>servientium</strong></span> <span class='ocrx_word' id='word_1_83' title='bbox 2285 2162 2636 2236; x_wconf 82' lang='lat' dir='ltr'><strong>fortitudO,</strong></span> 
     </span>
     <span class='ocr_line' id='line_1_16' title="bbox 315 2265 2638 2354; baseline 0 -26"><span class='ocrx_word' id='word_1_84' title='bbox 315 2267 580 2350; x_wconf 87' lang='lat' dir='ltr'><strong>suscipe</strong></span> <span class='ocrx_word' id='word_1_85' title='bbox 606 2270 940 2354; x_wconf 89' lang='lat' dir='ltr'><strong>propitius</strong></span> <span class='ocrx_word' id='word_1_86' title='bbox 972 2292 1205 2354; x_wconf 89' lang='lat' dir='ltr'><strong>preces</strong></span> <span class='ocrx_word' id='word_1_87' title='bbox 1251 2277 1550 2348; x_wconf 76' lang='lat' dir='ltr'><strong>nostras,</strong></span> <span class='ocrx_word' id='word_1_88' title='bbox 1581 2277 1651 2336; x_wconf 91' lang='lat' dir='ltr'><strong>et</strong></span> <span class='ocrx_word' id='word_1_89' title='bbox 1679 2270 1963 2334; x_wconf 87' lang='lat' dir='ltr'><strong>Romani</strong></span> <span class='ocrx_word' id='word_1_90' title='bbox 2011 2269 2274 2353; x_wconf 89' lang='lat' dir='ltr'><strong>imperii</strong></span> <span class='ocrx_word' id='word_1_91' title='bbox 2308 2265 2638 2332; x_wconf 89' lang='lat' dir='ltr'><strong>auxiliare</strong></span> 
     </span>
     <span class='ocr_line' id='line_1_17' title="bbox 305 2369 2635 2458; baseline 0 -28"><span class='ocrx_word' id='word_1_92' title='bbox 305 2369 719 2453; x_wconf 89' lang='lat' dir='ltr'><strong>principibus</strong></span> <span class='ocrx_word' id='word_1_93' title='bbox 745 2395 761 2448; x_wconf 91' lang='lat'>;</span> <span class='ocrx_word' id='word_1_94' title='bbox 810 2379 888 2436; x_wconf 93' lang='lat' dir='ltr'><strong>ut</strong></span> <span class='ocrx_word' id='word_1_95' title='bbox 912 2378 1030 2437; x_wconf 89' lang='lat' dir='ltr'><strong>tua</strong></span> <span class='ocrx_word' id='word_1_96' title='bbox 1060 2375 1480 2458; x_wconf 85' lang='lat' dir='ltr'><strong>protectione</strong></span> <span class='ocrx_word' id='word_1_97' title='bbox 1513 2374 1781 2449; x_wconf 90' lang='lat' dir='ltr'><strong>muniti,</strong></span> <span class='ocrx_word' id='word_1_98' title='bbox 1816 2373 2125 2437; x_wconf 88' lang='lat' dir='ltr'><strong>omnibus</strong></span> <span class='ocrx_word' id='word_1_99' title='bbox 2160 2372 2296 2435; x_wconf 89' lang='lat' dir='ltr'><strong>sint</strong></span> <span class='ocrx_word' id='word_1_100' title='bbox 2325 2370 2635 2433; x_wconf 88' lang='lat' dir='ltr'><strong>hostibus</strong></span> 
     </span>
     <span class='ocr_line' id='line_1_18' title="bbox 316 2471 902 2541; baseline 0.007 -6"><span class='ocrx_word' id='word_1_101' title='bbox 316 2471 657 2539; x_wconf 84' lang='lat' dir='ltr'><strong>fortiores.</strong></span> <span class='ocrx_word' id='word_1_102' title='bbox 751 2476 902 2541; x_wconf 88' lang='lat' dir='ltr'><strong>Per.</strong></span> 
     </span>
    </p>
   </div>
   <div class='ocr_carea' id='block_1_7' title="bbox 815 2661 2123 2732">
    <p class='ocr_par' dir='ltr' id='par_1_8' title="bbox 815 2661 2123 2732">
     <span class='ocr_line' id='line_1_19' title="bbox 815 2661 2123 2732; baseline 0.001 -7"><span class='ocrx_word' id='word_1_103' title='bbox 815 2661 1147 2728; x_wconf 87' lang='lat' dir='ltr'><strong>ORATIO</strong></span> <span class='ocrx_word' id='word_1_104' title='bbox 1197 2664 1485 2732; x_wconf 90' lang='lat' dir='ltr'><strong>SUPER</strong></span> <span class='ocrx_word' id='word_1_105' title='bbox 1533 2664 2123 2729; x_wconf 88' lang='lat' dir='ltr'><strong>MILITANTES.</strong></span> 
     </span>
    </p>
   </div>
   <div class='ocr_carea' id='block_1_8' title="bbox 319 2852 2643 3456">
    <p class='ocr_par' dir='ltr' id='par_1_9' title="bbox 319 2852 2643 3456">
     <span class='ocr_line' id='line_1_20' title="bbox 408 2852 2643 2937; baseline -0.001 -20"><span class='ocrx_word' id='word_1_106' title='bbox 408 2853 613 2929; x_wconf 76' lang='lat' dir='ltr'><strong>DeuS,</strong></span> <span class='ocrx_word' id='word_1_107' title='bbox 648 2854 1129 2937; x_wconf 88' lang='lat' dir='ltr'><strong>perpetuitatis</strong></span> <span class='ocrx_word' id='word_1_108' title='bbox 1174 2858 1432 2932; x_wconf 90' lang='lat' dir='ltr'><strong>auctor,</strong></span> <span class='ocrx_word' id='word_1_109' title='bbox 1464 2855 1600 2918; x_wconf 88' lang='lat' dir='ltr'><strong>dux</strong></span> <span class='ocrx_word' id='word_1_110' title='bbox 1646 2855 1975 2920; x_wconf 85' lang='lat' dir='ltr'><strong>virtutum</strong></span> <span class='ocrx_word' id='word_1_111' title='bbox 2022 2852 2338 2928; x_wconf 90' lang='lat' dir='ltr'><strong>omnium,</strong></span> <span class='ocrx_word' id='word_1_112' title='bbox 2371 2855 2643 2915; x_wconf 89' lang='lat' dir='ltr'><strong>cuncto-</strong></span> 
     </span>
     <span class='ocr_line' id='line_1_21' title="bbox 320 2955 2642 3040; baseline 0 -22"><span class='ocrx_word' id='word_1_113' title='bbox 320 2978 602 3040; x_wconf 86' lang='lat' dir='ltr'><strong>rumque</strong></span> <span class='ocrx_word' id='word_1_114' title='bbox 654 2958 951 3021; x_wconf 89' lang='lat' dir='ltr'><strong>hostium</strong></span> <span class='ocrx_word' id='word_1_115' title='bbox 1006 2956 1243 3033; x_wconf 83' lang='lat' dir='ltr'><strong>victor,</strong></span> <span class='ocrx_word' id='word_1_116' title='bbox 1292 2958 1569 3022; x_wconf 88' lang='lat' dir='ltr'><strong>benedic</strong></span> <span class='ocrx_word' id='word_1_117' title='bbox 1623 2960 1747 3023; x_wconf 87' lang='lat' dir='ltr'><strong>hos</strong></span> <span class='ocrx_word' id='word_1_118' title='bbox 1796 2956 2085 3023; x_wconf 85' lang='lat' dir='ltr'><strong>famulos</strong></span> <span class='ocrx_word' id='word_1_119' title='bbox 2135 2963 2293 3020; x_wconf 91' lang='lat' dir='ltr'><strong>tuos</strong></span> <span class='ocrx_word' id='word_1_120' title='bbox 2342 2955 2467 3019; x_wconf 91' lang='lat' dir='ltr'><strong>tibi</strong></span> <span class='ocrx_word' id='word_1_121' title='bbox 2518 2975 2642 3019; x_wconf 88' lang='lat' dir='ltr'><strong>sua</strong></span> 
     </span>
     <span class='ocr_line' id='line_1_22' title="bbox 319 3059 2641 3147; baseline -0.002 -22"><span class='ocrx_word' id='word_1_122' title='bbox 319 3062 547 3145; x_wconf 87' lang='lat' dir='ltr'><strong>capita</strong></span> <span class='ocrx_word' id='word_1_123' title='bbox 587 3061 1031 3134; x_wconf 82' lang='lat' dir='ltr'><strong>inclinantes3</strong></span> <span class='ocrx_word' id='word_1_124' title='bbox 1082 3061 1350 3124; x_wconf 86' lang='lat' dir='ltr'><strong>effunde</strong></span> <span class='ocrx_word' id='word_1_125' title='bbox 1400 3083 1604 3147; x_wconf 90' lang='lat' dir='ltr'><strong>super</strong></span> <span class='ocrx_word' id='word_1_126' title='bbox 1649 3083 1764 3126; x_wconf 90' lang='lat' dir='ltr'><strong>eos</strong></span> <span class='ocrx_word' id='word_1_127' title='bbox 1801 3062 2094 3147; x_wconf 83' lang='lat' dir='ltr'><strong>gratiam</strong></span> <span class='ocrx_word' id='word_1_128' title='bbox 2142 3059 2424 3134; x_wconf 86' lang='lat' dir='ltr'><strong>firmam,</strong></span> <span class='ocrx_word' id='word_1_129' title='bbox 2459 3063 2529 3121; x_wconf 90' lang='lat' dir='ltr'><strong>et</strong></span> <span class='ocrx_word' id='word_1_130' title='bbox 2572 3059 2641 3121; x_wconf 90' lang='lat' dir='ltr'><strong>in</strong></span> 
     </span>
     <span class='ocr_line' id='line_1_23' title="bbox 322 3162 2643 3250; baseline -0.002 -23"><span class='ocrx_word' id='word_1_131' title='bbox 322 3165 570 3228; x_wconf 89' lang='lat' dir='ltr'><strong>militia</strong></span> <span class='ocrx_word' id='word_1_132' title='bbox 601 3164 669 3227; x_wconf 91' lang='lat' dir='ltr'><strong>in</strong></span> <span class='ocrx_word' id='word_1_133' title='bbox 703 3186 836 3248; x_wconf 86' lang='lat' dir='ltr'><strong>qua</strong></span> <span class='ocrx_word' id='word_1_134' title='bbox 865 3164 1132 3248; x_wconf 90' lang='lat' dir='ltr'><strong>probati</strong></span> <span class='ocrx_word' id='word_1_135' title='bbox 1159 3165 1564 3243; x_wconf 90' lang='lat' dir='ltr'><strong>consistunt,</strong></span> <span class='ocrx_word' id='word_1_136' title='bbox 1590 3166 1857 3250; x_wconf 87' lang='lat' dir='ltr'><strong>prolixa</strong></span> <span class='ocrx_word' id='word_1_137' title='bbox 1891 3164 2183 3228; x_wconf 85' lang='lat' dir='ltr'><strong>sanitate</strong></span> <span class='ocrx_word' id='word_1_138' title='bbox 2209 3167 2280 3225; x_wconf 91' lang='lat' dir='ltr'><strong>et</strong></span> <span class='ocrx_word' id='word_1_139' title='bbox 2308 3162 2643 3246; x_wconf 86' lang='lat' dir='ltr'><strong>prosperi-</strong></span> 
     </span>
     <span class='ocr_line' id='line_1_24' title="bbox 322 3264 2642 3353; baseline -0.003 -19"><span class='ocrx_word' id='word_1_140' title='bbox 322 3275 468 3334; x_wconf 88' lang='lat' dir='ltr'><strong>tate</strong></span> <span class='ocrx_word' id='word_1_141' title='bbox 494 3290 609 3332; x_wconf 87' lang='lat' dir='ltr'><strong>eos</strong></span> <span class='ocrx_word' id='word_1_142' title='bbox 630 3289 976 3342; x_wconf 85' lang='lat' dir='ltr'><strong>conserva,</strong></span> <span class='ocrx_word' id='word_1_143' title='bbox 1002 3273 1073 3330; x_wconf 89' lang='lat' dir='ltr'><strong>et</strong></span> <span class='ocrx_word' id='word_1_144' title='bbox 1098 3268 1476 3353; x_wconf 90' lang='lat' dir='ltr'><strong>ubicunque</strong></span> <span class='ocrx_word' id='word_1_145' title='bbox 1502 3269 1611 3331; x_wconf 85' lang='lat' dir='ltr'><strong>vel</strong></span> <span class='ocrx_word' id='word_1_146' title='bbox 1638 3289 1759 3352; x_wconf 90' lang='lat' dir='ltr'><strong>pro</strong></span> <span class='ocrx_word' id='word_1_147' title='bbox 1786 3270 2290 3351; x_wconf 89' lang='lat' dir='ltr'><strong>quibuscunque</strong></span> <span class='ocrx_word' id='word_1_148' title='bbox 2316 3264 2642 3328; x_wconf 85' lang='lat' dir='ltr'><strong>auxilium</strong></span> 
     </span>
     <span class='ocr_line' id='line_1_25' title="bbox 320 3368 2535 3456; baseline -0.004 -19"><span class='ocrx_word' id='word_1_149' title='bbox 320 3384 510 3437; x_wconf 87' lang='lat' dir='ltr'><strong>tuum</strong></span> <span class='ocrx_word' id='word_1_150' title='bbox 545 3370 1026 3445; x_wconf 83' lang='lat' dir='ltr'><strong>invocaverint,</strong></span> <span class='ocrx_word' id='word_1_151' title='bbox 1064 3371 1196 3434; x_wconf 90' lang='lat' dir='ltr'><strong>cito</strong></span> <span class='ocrx_word' id='word_1_152' title='bbox 1231 3372 1433 3446; x_wconf 76' lang='lat' dir='ltr'><strong>adsiS‚</strong></span> <span class='ocrx_word' id='word_1_153' title='bbox 1469 3378 1810 3456; x_wconf 66' lang='lat' dir='ltr'><strong>protegas»,</strong></span> <span class='ocrx_word' id='word_1_154' title='bbox 1847 3377 1918 3434; x_wconf 92' lang='lat' dir='ltr'><strong>et</strong></span> <span class='ocrx_word' id='word_1_155' title='bbox 1948 3370 2295 3433; x_wconf 91' lang='lat' dir='ltr'><strong>defendas.</strong></span> <span class='ocrx_word' id='word_1_156' title='bbox 2386 3368 2535 3430; x_wconf 89' lang='lat' dir='ltr'><strong>Per.</strong></span> 
     </span>
    </p>
   </div>
  </div>
 </body>
</html>
