3117 5025
462 424 594 490 210
1188 426 1628 490 Consecratio
1674 425 2055 509 Viryimtm.

463 624 2408 739 w

558 789 725 855 Gra·
758 792 845 856 ti-
876 811 955 857 as
1014 812 1057 856 a
1086 827 1115 840 -
1144 809 1416 876 ga-mus
1445 788 1795 854 Do·mi·no
1825 787 1928 853 De
1960 825 1986 838 -
2020 808 2060 852 o
2091 794 2375 900 ‘nostro.

548 1101 874 1188 Dig-num
933 1105 1006 1167 et
1053 1100 1352 1185 jus-tum
1413 1108 1544 1166 est.

551 1203 736 1269 Vere
780 1204 1058 1290 dignum
1103 1209 1175 1269 et
1210 1204 1476 1288 justum
1520 1208 1650 1281 est,
1697 1225 1956 1290 aequum
1998 1208 2071 1269 et
2125 1201 2449 1279 salutare,
2491 1222 2617 1265 nos
2663 1199 2791 1266 tibi

467 1328 733 1392 semper
759 1314 832 1372 et
863 1308 1110 1391 ubique
1139 1306 1403 1393 gratias
1445 1327 1671 1392 agere,
1702 1307 2010 1385 Domine,
2042 1311 2276 1372 sancte
2309 1305 2535 1381 Pater,
2568 1305 2786 1368 omni-

467 1415 712 1494 potens
740 1413 984 1475 aeterne
1032 1408 1255 1486 Deus3
1302 1415 1643 1475 castorum
1676 1430 2032 1493 corporum
2077 1409 2413 1493 benignus
2443 1406 2794 1472 habitator

467 1519 539 1579 et
560 1513 1102 1598 incorruptarum
1128 1511 1313 1576 Deus
1331 1518 1599 1578 amator
1619 1513 1991 1577 animarum
2015 1535 2032 1589 ς
2062 1511 2271 1588 Deus,
2298 1510 2413 1595 qui
2430 1510 2792 1574 humanam

471 1617 920 1682 substantiam
965 1616 1036 1680 in
1081 1615 1319 1700 primis
1364 1615 1749 1681 hominibus
1794 1614 2131 1681 diabolica
2172 1614 2409 1679 fraude
2461 1613 2798 1689 vitiatam,

471 1720 570 1784 ita
600 1719 829 1785 Verbo
860 1725 977 1784 tuo
1008 1740 1132 1804 per
1162 1717 1338 1803 quod
1369 1719 1595 1784 omnia
1622 1719 1805 1784 facta
1847 1726 2005 1784 sunt
2035 1740 2338 1805 reparas,
2370 1722 2447 1782 ut
2476 1737 2625 1781 eam
2659 1737 2792 1780 non

469 1822 687 1887 solum
731 1823 816 1887 ad
857 1822 1084 1907 primae
1129 1822 1413 1908 originis
1459 1822 1910 1888 innocentiam
1954 1843 2252 1899 revoces,
2286 1821 2405 1886 sed
2448 1820 2657 1885 etiam
2703 1819 2788 1885 ad

471 1925 954 2012 experientiam
1001 1924 1419 2009 quorundam
1464 1927 1808 2002 bonorum,
1840 1947 1982 2011 quae
2029 1926 2098 1989 in
2127 1946 2301 1990 novo
2346 1922 2587 1988 saeculo
2634 1928 2793 1987 sunt

474 2030 800 2106 habenda,
832 2029 1179 2115 perducas,
1211 2040 1282 2097 et
1326 2031 1693 2096 obstrictos
1725 2032 1942 2096 adhuc
1974 2030 2356 2097 conditione
2386 2028 2796 2104 mortalium,

466 2132 609 2216 jam
640 2133 727 2197 ad
771 2133 1274 2198 similitudinem
1307 2135 1642 2220 provehas
1682 2136 2115 2221 angelorum;
2161 2135 2439 2220 respice,
2474 2132 2786 2206 Domine,

475 2257 681 2320 super
710 2237 883 2302 hanc
914 2236 1235 2302 famulam
1267 2242 1477 2314 tuam,
1512 2260 1656 2322 quse
1686 2238 1755 2302 in
1800 2261 2005 2304 manu
2034 2244 2155 2304 tua
2195 2236 2624 2302 continentiae
2657 2255 2794 2299 suae

477 2339 890 2424 propositum
942 2340 1306 2417 collocans,
1358 2340 1485 2406 tibi
1544 2340 1968 2406 devotionem
2031 2362 2221 2407 suam
2283 2341 2503 2416 offert,
2557 2359 2600 2403 a
2660 2359 2791 2423 quo

476 2440 651 2506 idem
683 2448 910 2507 votum
944 2443 1332 2529 assumpsit.
1423 2442 1767 2530 Quomodo
1798 2446 1972 2509 enim
1998 2444 2262 2509 animus
2292 2442 2564 2508 mortali
2595 2463 2794 2507 carne

474 2547 943 2626 circumdatus,
975 2547 1197 2634 legem
1242 2555 1523 2627 naturae,
1556 2551 1939 2617 libertatem
1989 2552 2297 2628 licentiae,
2329 2551 2466 2615 vim
2516 2570 2794 2615 consue-

472 2651 745 2734 tudinis,
769 2656 837 2715 et
869 2651 1179 2716 stimulos
1209 2652 1429 2717 aetatis
1459 2654 1819 2732 evinceret,
1852 2654 1981 2719 nisi
2014 2661 2091 2719 tu
2124 2675 2244 2738 per
2272 2653 2565 2739 gratiam
2598 2659 2782 2718 tuam

476 2756 652 2818 hunc
697 2775 993 2817 amorem
1038 2754 1458 2840 virginitatis
1502 2754 1874 2823 clementer
1916 2759 2356 2834 accenderes;
2403 2756 2538 2820 nisi
2590 2755 2794 2820 etiam

476 2865 553 2925 tu
598 2859 770 2922 hanc
800 2858 1236 2943 cupiditatem
1269 2858 1339 2922 in
1384 2860 1534 2943 ejus
1581 2860 1777 2925 corde
1820 2861 2151 2946 benignus
2196 2859 2442 2937 aleres,
2472 2863 2553 2923 tu
2596 2856 2788 2922 forti·

473 2962 774 3027 tudinem
807 2961 1251 3025 ministrares.
1343 2962 1582 3028 Effusa
1611 2984 1899 3047 namque
1930 2964 2001 3028 in
2034 2983 2267 3029 omnes
2297 2968 2538 3049 gentes
2565 2961 2792 3048 gratia

472 3074 613 3140 tua,
637 3085 722 3128 ex
753 3063 933 3127 omni
964 3062 1232 3129 natione
1264 3086 1408 3150 quae
1439 3066 1565 3130 sub
1596 3065 1761 3130 coelo
1793 3072 1900 3131 est
1929 3068 1999 3131 in
2033 3066 2385 3131 stellarum
2413 3065 2789 3129 innumera-

475 3167 677 3232 bilem
731 3187 1079 3231 numerum
1131 3168 1288 3231 novi
1341 3169 1737 3234 testamenti
1791 3171 2149 3234 heredibus
2202 3168 2564 3254 adoptatis,
2618 3167 2801 3232 inter

472 3278 735 3335 ceteras
765 3271 1055 3335 virtutes
1086 3291 1256 3355 quas
1302 3269 1461 3335 filiis
1493 3272 1655 3348 tuis,
1687 3293 1821 3336 non
1852 3293 1935 3336 ex
1984 3272 2424 3359 sanguinibus
2455 3291 2673 3355 neque
2705 3291 2787 3333 ex

482 3373 830 3460 voluptate
871 3373 1094 3438 carnis
1141 3373 1257 3438 sed
1305 3373 1388 3437 de
1427 3380 1547 3439 tuo
1601 3375 1858 3459 Spiritu
1905 3376 2178 3461 genitis,
2221 3375 2546 3450 indidisti,
2591 3374 2801 3438 etiam

477 3480 601 3543 hoc
644 3479 888 3543 donum
920 3478 989 3541 in
1035 3478 1451 3562 quarundam
1497 3485 1759 3544 mentes
1802 3478 1884 3543 de
1916 3478 2258 3564 largitatis
2289 3484 2420 3543 tuae
2450 3477 2641 3543 fonte
2684 3476 2797 3540 de-

479 3582 692 3659 fluxit,
716 3587 794 3646 ut
823 3603 971 3646 cum
995 3582 1316 3646 honorem
1349 3582 1738 3666 nuptiarum
1770 3582 1958 3647 nulla
1980 3582 2344 3647 interdicta
2372 3581 2794 3655 minuissent,

483 3705 561 3748 ac
594 3704 797 3767 super
841 3690 1148 3747 sanctum
1180 3682 1567 3768 conjugium
1615 3685 1903 3750 initiatis
1932 3685 2310 3749 benedictio
2355 3689 2804 3768 permaneret,

484 3788 894 3851 exsisterent
944 3790 1172 3850 tamen
1228 3786 1653 3851 sublimiores
1700 3789 1954 3864 animae,
2001 3809 2143 3872 quae
2197 3788 2326 3850 viri
2373 3807 2452 3851 ac
2496 3784 2805 3849 mulieris

480 3888 787 3973 copulam
847 3887 1250 3964 fastidirent,
1307 3891 1711 3955 connubium
1764 3891 2314 3976 concupiscerent
2371 3887 2797 3964 sacramenti,

480 4013 604 4056 nec
656 3991 1080 4055 imitarentur
1131 3989 1334 4075 [quod
1386 3994 1643 4078 nuptiis
1703 3993 1950 4079 agitur,
2005 3992 2122 4057 sed
2180 3992 2567 4078 diligerent]
2621 3990 2802 4073 quod

480 4094 732 4180 nuptiis
755 4097 1182 4177 praenotatur.
1272 4095 1570 4179 Agnovit
1598 4103 1938 4162 auctorem
1965 4117 2158 4160 suum
2189 4096 2392 4160 beata
2418 4094 2804 4180 virginitas,

483 4209 554 4264 et
596 4197 833 4262 aemula
860 4197 1278 4282 integritatis
1309 4199 1666 4284 angelicae3
1713 4200 1902 4265 illius
1930 4199 2251 4275 thalamo,
2284 4197 2467 4262 illius
2498 4196 2805 4262 cubiculo

485 4326 557 4367 se
605 4301 895 4392 deyovit,
943 4300 1058 4384 qui
1104 4308 1441 4387 perpetuae
1490 4303 1908 4389 virginitatis
1953 4309 2060 4369 est
2110 4302 2311 4366 filius.
2402 4301 2801 4384 Imploranti

483 4427 644 4491 ergo
690 4404 1011 4469 auxilium
1061 4411 1270 4482 tuum,
1318 4405 1622 4484 Domine,
1653 4414 1723 4471 et
1769 4406 2147 4472 confirmari
2196 4427 2267 4470 se
2304 4403 2801 4471 'benedictionis
