3117 5025
876 372 1276 439 Benedictio
1310 371 1573 454 lapidis
1593 376 1999 457 portabilia.
2468 372 2595 438 131

269 580 2603 652 *W

278 725 349 809 pi
374 760 404 775 -
424 748 461 792 e
482 764 511 778 ·
530 735 658 808 tas,
706 736 776 795 et
820 750 1053 815 su-per
1096 730 1447 816 la-pi-dem
1489 734 1668 800 huno
1729 755 1769 799 o
1787 771 1816 785 -
1837 757 1989 821 pem
2034 740 2111 801 tu
2140 771 2169 786 ·
2199 757 2252 801 ω
2317 736 2601 817 ὀε-ιιθῷ

286 902 2605 974 ss———Wn—n—ffl—”u—

281 1052 448 1117 dieti
479 1087 507 1105 -
537 1076 577 1119 o
607 1091 636 1105 -
664 1056 773 1119 nis
846 1054 1172 1131 ixi-funde,
1223 1061 1302 1120 ut
1372 1060 1441 1122 te
1514 1055 1691 1144 largi
1720 1094 1749 1109 ·
1778 1066 1934 1124 ento
2007 1078 2082 1123 re
2106 1060 2203 1124 -fe
2224 1065 2366 1124 -rat
2436 1078 2599 1144 ρηο-

289 1257 2606 1355 w·-

290 1384 559 1447 mi-um
629 1380 932 1464 quisquis
1007 1379 1283 1445 intu-le
1303 1382 1426 1446 -rit
1490 1389 1771 1460 vo-tum,
1839 1403 1962 1467 per
2034 1404 2071 1447 e
2102 1421 2129 1434 -
2160 1405 2273 1447 um
2340 1384 2457 1468 qui
2531 1405 2604 1450 so

286 1541 2606 1606 ww

287 1686 748 1772 angu-la-rem
797 1684 1147 1770 la-pi-dem
1200 1691 1271 1748 et
1314 1704 1583 1748 sax-um
1637 1685 1809 1751 si-ne
1862 1688 2231 1753 ma·ni-bus
2281 1689 2609 1754 emi-sum

287 1866 2607 1926 -n—n—u—fl-—fl—n-fl—u--fl—fl——u--u—n—n——n—-n—‘L

291 2009 718 2073 no·mi-na-ri
768 2030 881 2072 vo·
902 2008 970 2070 lu
991 2045 1017 2057 -
1048 2007 1125 2081 it,
1159 2004 1575 2071 Do-mi-num
1604 2012 1911 2071 nostrum
1941 2007 1982 2071 J
1989 2029 2024 2071 e
2043 2045 2070 2059 -
2092 2029 2240 2072 sum
2271 2010 2612 2076 Christum

287 2166 1009 2285 ΞΤῌΣ
459 2164 1157 2283 5—ssss—

289 2313 462 2377 Fi-li
493 2349 520 2362 -
553 2333 665 2376 um
716 2317 794 2375 tu
825 2349 851 2361 -
884 2290 1017 2373 um.
1066 2309 1493 2372 terminando
1545 2321 1813 2375 secrete.
1903 2310 2029 2396 Qui
2074 2317 2293 2377 tecum
2334 2315 2503 2380 vivit
2547 2322 2619 2381 et

288 2419 541 2501 regnat
583 2414 650 2477 in
697 2414 957 2477 unitate
1006 2411 1302 2496 Spiritus
1347 2409 1576 2476 Sancti
1626 2411 1834 2477 Deus.
1922 2413 2054 2479 Per
2104 2416 2328 2480 omnia
2378 2418 2620 2482 saeoula

290 2518 707 2584 saeculorum.
797 2518 1033 2580 Amen.

374 2618 611 2677 Deinde
638 2618 869 2675 dicatur
896 2616 1235 2694 antiphona.

389 2713 734 2778 Confirma
780 2713 906 2775 hoo
954 2710 1142 2774 Deus
1186 2713 1362 2796 quod
1409 2715 1735 2797 operatus
1781 2729 1854 2772 es
1899 2709 1967 2772 in
2013 2712 2247 2775 nobis:
2293 2734 2336 2777 a
2379 2716 2631 2800 templo

297 2821 537 2880 sancto
571 2821 713 2888 tun,
746 2812 922 2896 quod
953 2820 1061 2876 est
1093 2813 1161 2875 in
1193 2811 1649 2877 Hierusalem.
1737 2809 2073 2897 Alleluya.
2163 2814 2496 2901 Alleluya.

382 2917 593 2975 Tribus
619 2916 835 2973 vicibus
863 2914 1093 2972 dicatur
1118 2935 1245 2972 cum
1277 2915 1479 2974 Gloria
1507 2914 1692 2972 Patri.

379 3013 703 3090 Repetatur
732 3012 1069 3089 antiphona,
1096 3012 1395 3071 Confirma
1420 3011 1541 3069 hoc.
1626 3011 1792 3070 Sicut
1818 3019 1963 3069 erat.

390 3106 586 3165 Tertio
614 3114 899 3183 repetatur
919 3107 1251 3183 antiphona,
1278 3107 1597 3166 Confirma.

389 3204 759 3283 Sequatur.
853 3200 1156 3264 Oremus.

402 3306 671 3369 Oratio.
759 3302 947 3366 Deus
979 3304 1421 3387 omnipotens,
1454 3301 1916 3365 universarum
1949 3322 2170 3365 rerum
2215 3304 2636 3372 rationabilis

304 3407 577 3480 artifex,
613 3404 727 3487 qui
773 3404 953 3466 inter
997 3410 1259 3467 ceteras
1305 3411 1765 3468 ereaturarum
1810 3405 2082 3478 formas,
2123 3402 2454 3489 lapideum
2499 3429 2636 3472 me-

307 3508 556 3574 tallum
588 3507 672 3570 ad
705 3507 1098 3588 obsequium
1132 3507 1232 3569 tui
1265 3507 1573 3569 sacrificii
1607 3506 1980 3579 condidisti,
2013 3514 2088 3568 ut,
2132 3506 2302 3591 legis
2333 3508 2641 3574 libationi

308 3616 672 3696 pararetur
714 3607 973 3683 altare3
1025 3629 1242 3672 annue
1289 3609 1668 3692 dignanter,
1713 3613 1791 3670 ut
1834 3608 2139 3690 quicquid
2186 3609 2293 3673 hic
2338 3612 2634 3679 oblatum

309 3716 786 3792 sacratumque
839 3710 1069 3784 fuerit,
1114 3709 1368 3771 nomini
1412 3717 1531 3772 tuo
1577 3714 1913 3792 assurgat,
1958 3710 2268 3794 religioni
2317 3717 2642 3797 proficiat,

315 3815 463 3899 spei
495 3814 847 3886 innitatur,
882 3811 1036 3874 fidei
1072 3812 1163 3873 sit,
1193 3810 1449 3873 honori.
1536 3810 1666 3873 Per
1695 3809 2071 3873 Dominum.

402 3916 608 3973 Postea
648 3915 917 3988 offeratur
957 3914 1271 3982 incensum,
1303 3919 1354 3969 et
1378 3912 1546 3988 sacta
1572 3911 1962 3988 sumiyatione
2001 3934 2125 3972 cam
2155 3915 2441 3977 thuribulo
2478 3941 2649 3999 super

312 4009 591 4080 tabulam,
619 4005 849 4065 dicaticr
876 4007 1209 4083 antiphona.

414 4102 648 4168 Omnis
678 4107 864 4166 terra
894 4103 1131 4166 adoret
1163 4109 1251 4177 te,
1288 4101 1491 4176 Deus,
1525 4106 1596 4165 et
1625 4101 1875 4185 psallat
1904 4103 2025 4167 tibi
2051 4127 2068 4167 ε
2113 4106 2438 4191 psalmum
2473 4110 2654 4178 dicat

313 4205 572 4271 nomini
603 4211 741 4280 tuo,
773 4203 1054 4267 Domine

499 4306 621 4369 16*
