3117 5025
1031 757 1531 822 ORDINATIO
1578 756 2217 823 OSTIARIORUM.

576 959 713 1018 Post
771 959 1029 1037 primam
1090 959 1416 1016 orationem.
1498 959 1724 1017 Deinde
1790 959 1974 1017 sedeat
2040 959 2325 1036 episcopus
2393 966 2522 1016 ante
2583 957 2778 1025 altare,

473 1074 759 1112 conversus
814 1053 891 1111 ad
947 1052 1350 1123 ordinandum,
1399 1059 1449 1110 et
1502 1053 1936 1112 archidiaconus
1989 1054 2057 1111 in
2103 1074 2247 1130 capa
2297 1052 2476 1111 serica
2530 1052 2780 1121 indutus,

476 1149 767 1207 humiliter
805 1149 1103 1225 respiciens
1143 1148 1209 1205 in
1246 1147 1582 1224 episcopum,
1614 1168 1742 1205 cum
1780 1148 1869 1205 his
1909 1148 2086 1206 verbis
2113 1148 2439 1225 alloquitur,
2472 1147 2559 1204 ita
2597 1147 2784 1204 dicens

472 1244 674 1303 stando
700 1251 752 1302 et
776 1243 944 1321 quasi
968 1263 1118 1300 more
1147 1242 1396 1301 lectionis
1425 1242 1665 1318 leyendo.

559 1339 865 1403 Postulat
916 1340 1054 1402 haec
1110 1344 1342 1401 sancta
1388 1338 1689 1413 ecclesia,
1741 1336 2102 1400 reverende
2163 1341 2373 1421 pater,
2422 1336 2545 1401 hos
2605 1336 2783 1399 viros

474 1442 812 1505 ordinibus
844 1447 1056 1525 aptos,
1090 1439 1464 1504 consecrari
1496 1440 1622 1503 sibi
1654 1462 1695 1504 a
1725 1446 1950 1503 vestra
1980 1441 2403 1523 paternitate.

1268 1544 1647 1624 Responsio
1681 1546 2001 1625 episcopi.

558 1647 732 1712 Vide
785 1653 860 1712 ut
911 1653 1173 1723 natura,
1230 1647 1527 1722 scientia,
1582 1653 1652 1710 et
1703 1647 2016 1723 moribus,
2070 1646 2242 1710 tales
2295 1667 2412 1731 per
2459 1650 2527 1708 te
2580 1644 2782 1709 intro-

473 1751 813 1826 ducantur,
875 1752 1006 1813 imo
1074 1748 1249 1814 tales
1310 1769 1430 1831 per
1495 1769 1616 1812 nos
1675 1748 1744 1811 in
1811 1749 2004 1812 domo
2035 1748 2328 1812 ·Domini
2396 1748 2783 1812 ordinentur

470 1875 783 1938 personae,
816 1874 934 1937 per
964 1873 1130 1937 quas
1175 1851 1476 1916 diabolus
1506 1850 1733 1937 procul
1779 1850 2088 1937 pellatur,
2121 1857 2191 1914 et
2234 1852 2451 1915 clerus
2497 1852 2777 1916 Domino

474 1964 702 2021 nostro
733 1955 1229 2041 multiplicetur.

1159 2058 1539 2139 Responsio
1572 2058 2065 2121 archidiaconi.

560 2160 889 2245 Quantum
937 2161 1019 2225 ad
1049 2161 1411 2225 humanum
1452 2167 1708 2244 spectat
1750 2182 2046 2236 examen,
2092 2165 2350 2236 natura,
2385 2161 2680 2238 scientia,
2714 2169 2785 2226 et

471 2265 763 2329 moribus
806 2264 987 2350 digni
1036 2264 1384 2341 habentur,
1439 2271 1508 2329 et
1558 2264 1747 2348 probi
1800 2269 2265 2347 cooperatores
2318 2265 2483 2328 effici
2530 2266 2598 2327 in
2653 2265 2779 2343 his,

476 2368 614 2430 Deo
647 2368 931 2443 volente,
961 2372 1261 2451 possunt.

578 2553 792 2625 Quibus
831 2553 1077 2632 expletis,
1110 2553 1267 2613 dicat
1307 2551 1591 2629 episcopus
1631 2552 1776 2611 hanc
1815 2553 2123 2611 orationem
2161 2553 2380 2630 publice
2420 2553 2619 2612 stando
2660 2556 2783 2614 sine

474 2657 625 2707 nota.

516 2742 899 2807 Auxiliante
920 2741 1203 2806 Domino
1227 2748 1295 2805 et
1319 2741 1650 2805 salvatore
1674 2747 1902 2806 nostro
1924 2742 1967 2807 J
1971 2764 2088 2807 esu
2111 2743 2401 2821 christo,
2419 2752 2779 2828 praesentes

470 2849 714 2912 fratres
744 2848 955 2911 nostri
986 2845 1055 2909 in
1087 2867 1345 2910 sacrum
1377 2846 1670 2909 ordinem
1703 2846 1892 2911 electi
1937 2855 2091 2912 sunt
2121 2870 2163 2912 a
2193 2849 2382 2913 nobis
2413 2853 2482 2913 et
2526 2847 2797 2914 clericis.

474 2951 624 3013 huic
675 2955 916 3013 sanctae
979 2949 1115 3012 sedi
1176 2949 1672 3026 famulantibus,
1722 2950 1838 3013 alii
1897 2951 1979 3015 ad
2041 2952 2323 3016 officium
2383 2955 2780 3038 presbiterii,

471 3052 750 3115 diaconii
782 3051 888 3114 vel
921 3051 1348 3128 subdiaconii,
1380 3051 1645 3134 quidam
1678 3074 1836 3116 vero
1868 3054 1950 3118 ad
1981 3060 2252 3119 caeteros
2298 3057 2781 3123 ecclesiasticos

473 3153 761 3238 gradus:
809 3153 1101 3236 proinde,
1136 3154 1560 3218 admonemus
1593 3161 1662 3220 et
1690 3156 2106 3239 postulamus
2150 3163 2288 3222 tam
2320 3179 2437 3223 vos
2482 3158 2780 3238 clericoS,

473 3282 670 3346 quam
701 3265 1001 3324 caeterum
1033 3260 1367 3346 populum,
1399 3267 1477 3324 ut
1504 3281 1626 3345 pro
1657 3262 1846 3326 nobis
1877 3269 1946 3328 et
1974 3285 2093 3349 pro
2124 3263 2259 3327 illis
2289 3285 2454 3348 puro
2486 3266 2679 3330 corde
2712 3275 2782 3332 et

472 3365 728 3428 sincera
756 3368 976 3427 mente
1006 3364 1178 3447 apud
1210 3364 1497 3428 divinam
1524 3363 1938 3428 clementiam
1971 3367 2375 3430 intercedere
2398 3368 2779 3453 dignemini,

469 3455 798 3551 quatenus
851 3477 971 3530 nos
1023 3467 1258 3551 dignos
1309 3467 1514 3531 faciat
1562 3487 1684 3551 pro
1725 3467 1862 3532 illis
1908 3471 2224 3547 exaudiri,
2273 3477 2340 3535 et
2386 3463 2503 3536 eos
2545 3496 2777 3541 unum-

473 3591 795 3655 quemque
819 3569 888 3632 in
920 3590 1041 3633 suo
1066 3570 1291 3633 ordine
1316 3570 1586 3656 eligere,
1612 3578 1682 3635 et
1711 3592 2093 3637 consecrare
2116 3595 2236 3658 per
2257 3596 2494 3640 manus
2517 3586 2781 3646 nostras

467 3674 796 3758 dignetur.
891 3672 1110 3757 Siquis
1156 3674 1357 3737 habet
1410 3680 1634 3738 autem
1680 3674 1928 3759 aliquid
1974 3683 2205 3741 contra
2248 3679 2370 3742 hos
2416 3681 2613 3758 viros,
2658 3705 2778 3768 pro

470 3777 631 3853 De0,
679 3782 749 3840 et
791 3781 1065 3862 propter
1107 3774 1339 3854 Deum,
1383 3799 1529 3841 cum
1576 3778 1814 3842 fiducia
1859 3785 2054 3846 exeat
2099 3788 2170 3845 et
2211 3782 2407 3847 dicat.
2496 3786 2779 3851 Verum-

474 3889 693 3942 tamen
727 3900 978 3942 memor
1011 3880 1099 3944 sit
1129 3880 1608 3945 communionis
1640 3888 1669 3918 ⁸
1701 3903 1850 3946 suae.

469 4093 495 4120 ⁸
533 4082 603 4136 al.
680 4081 1023 4137 conditionis.
