3117 5025
544 403 672 468 340
1262 404 1779 470 Benedictionee
1812 406 2138 470 Diversoe.

1244 715 1425 778 BEN
1430 714 1797 781 EDIOTIO
1843 715 2180 781 DOMUS.

643 900 921 976 Adest0,
966 898 1271 977 Domine,
1320 901 1918 986 supplicationibus
1964 902 2239 977 nostris,
2275 907 2345 966 et
2388 902 2560 966 hanc
2605 899 2871 963 domum

558 1004 817 1068 serenis
877 1003 1090 1067 oculis
1150 1013 1282 1067 tuae
1335 1005 1609 1089 piet-atis
1669 1005 1973 1082 illustra3
2035 1005 2415 1081 descendat,
2465 1022 2867 1089 quaesumus,

559 1127 762 1191 super
800 1108 1184 1172 habitantes
1215 1108 1285 1171 in
1332 1129 1414 1172 ea
1442 1108 1678 1192 gratiae
1724 1114 1855 1172 tuae
1885 1108 2081 1194 larga
2112 1108 2509 1185 benedictio,
2542 1112 2618 1171 ut
2647 1107 2715 1168 in
2761 1105 2870 1167 his

558 1232 758 1276 manu
789 1209 989 1274 factis
1032 1210 1434 1275 habitaculis
1479 1232 1627 1274 cum
1661 1210 2057 1276 salubritate
2105 1216 2472 1288 manentes,
2503 1210 2634 1295 ipsi
2680 1215 2871 1272 tuum

560 1335 824 1398 semper
855 1313 991 1377 sint
1020 1313 1499 1378 habitaculum.
1589 1312 1738 1378 Per.

638 1416 812 1475 Alia.

644 1512 908 1576 Exaudi
939 1532 1085 1589 nos,
1109 1512 1411 1586 Domine,
1437 1517 1667 1577 sancte
1699 1512 1922 1589 Pater,
1956 1513 2374 1598 omnipotens
2399 1516 2642 1575 aeterne
2668 1509 2874 1583 Deus,

559 1617 727 1681 ut.si
756 1636 887 1699 qua
917 1619 1078 1679 sunt
1121 1615 1423 1691 adversa,
1457 1616 1514 1679 si
1560 1630 1695 1699 qua
1738 1617 2095 1692 contraria,
2125 1617 2197 1679 in
2241 1617 2369 1680 hac
2400 1615 2593 1679 domo
2637 1610 2875 1677 famuli

562 1720 663 1783 tui
695 1719 800 1783 ill.
832 1718 1239 1783 auctoritate
1269 1718 1649 1802 majestatis
1679 1723 1809 1782 tuae
1840 1718 2202 1804 pellantur.
2291 1718 2442 1782 Per.

1097 1889 1431 1955 ORATIO
1479 1889 1844 1955 CONTRA
1888 1890 2345 1957 FULGURA.

640 2080 913 2139 Primum
939 2088 1251 2158 sparyatur
1277 2098 1430 2155 aqua
1458 2079 1767 2150 benedicta,
1799 2088 1850 2137 et
1868 2088 2066 2157 postea
2093 2079 2328 2137 dicatur
2352 2080 2467 2137 ista
2493 2077 2696 2137 oratio·

647 2177 1084 2260 Omnipotens
1131 2175 1535 2258 sempiterne
1579 2175 1783 2252 Deus,
1830 2197 2029 2259 parce
2082 2175 2558 2258 metuentibus,
2606 2178 2677 2237 et
2727 2193 2880 2256 pro-

560 2281 804 2366 pitiare
866 2278 1296 2365 supplicibus,
1360 2282 1439 2340 ut
1500 2282 1657 2361 post
1714 2278 1953 2341 noxios
2014 2279 2207 2363 ignes
2268 2278 2543 2341 nubium
2611 2280 2682 2340 et
2741 2268 2882 2337 vimv

559 2383 1024 2468 procellarum,
1054 2381 1124 2444 in
1166 2379 1519 2444 materiam
1560 2385 1871 2445 transeat
1912 2381 2132 2446 laudis
2180 2380 2607 2447 comminatio
2649 2384 2876 2463 potes-

562 2492 747 2551 tatm·
838 2485 988 2550 Per·
1109 2586 1441 2651 ORATIO
1486 2585 1710 2651 POST
1755 2587 2319 2653 MANDATUM.

642 2779 920 2855 Adest0,
974 2776 1282 2852 Domine,
1338 2776 1552 2840 officio
1607 2783 1853 2841 nostrae
1908 2777 2284 2853 servitutis,
2332 2777 2491 2860 quia
2540 2781 2617 2840 tu
2669 2776 2877 2860 pedes

552 2886 784 2949 lavare
803 2884 1122 2967 dignatus
1142 2903 1215 2946 es
1234 2887 1503 2946 tuorum
1523 2881 2024 2966 discipulorum,
2046 2903 2250 2966 opera
2267 2903 2585 2946 manuum
2605 2887 2876 2945 tuarum

554 3010 639 3054 ne
684 2988 1034 3071 despicias,
1067 3006 1213 3068 quae
1257 2986 1454 3049 nobis
1498 2986 1854 3050 retinenda
1896 2986 2254 3063 mandasti,
2287 2991 2357 3050 et
2401 2986 2578 3050 sicut
2620 2985 2731 3048 hic
2762 3005 2876 3047 ex-

557 3091 812 3156 teriora
855 3088 1226 3153 abluuntur
1255 3086 1782 3170 inquinamenta,
1816 3089 1912 3152 sic
1958 3110 2000 3152 a
2044 3094 2113 3152 te
2155 3088 2445 3153 omnium
2491 3093 2875 3152 nostrorum

556 3194 885 3259 interiora
915 3196 1289 3277 purgentur
1320 3196 1616 3276 peccata.

647 3298 833 3383 Quod
864 3297 1027 3383 ipse.

965 3414 1301 3481 ORATIO
1347 3413 1473 3477 AD
1520 3413 1899 3480 AGAPEM
1945 3415 2471 3480 PAUPERUM.

644 3611 769 3687 Da,
803 3626 1200 3693 quaesumus,
1232 3604 1539 3680 Domine,
1592 3605 1842 3669 famulo
1889 3611 2007 3670 tuo
2053 3605 2184 3680 ill„
2231 3608 2507 3687 sperata
2551 3605 2879 3690 suffragia

557 3717 882 3788 obtinere,
914 3717 992 3775 ut
1022 3711 1139 3795 qui
1170 3715 1326 3773 tuos
1370 3730 1703 3792 pauperes
1750 3710 1859 3773 vel
1907 3715 2063 3774 tuas
2111 3707 2430 3772 ecclesias
2476 3709 2875 3785 muneravit,

560 3824 945 3885 sanctorum
1008 3815 1301 3878 omnium
1360 3813 1560 3876 simul
1623 3819 1693 3878 et
1754 3814 1935 3878 beati
1995 3811 2347 3877 Laurentii
2402 3811 2718 3895 martyris
2769 3813 2874 3876 tui

555 3927 898 3989 mereatur
928 3918 1287 3996 consortia,
1321 3919 1512 4002 cujus
1544 3923 1652 3981 est
1682 3917 1991 4000 exempla
2023 3921 2314 3981 secutus,
2405 3914 2557 3978 Per.
