3117 5025
981 418 1505 484 Benedictiones
1542 417 1864 482 Divereoe.
2463 416 2592 484 337

663 760 1220 828 BENEDICTIO
1265 763 1393 828 AD
1436 762 1798 830 FRUGES
1843 762 2178 830 NOVAS.

336 950 647 1030 Domine,
682 959 917 1018 sancte
948 953 1172 1030 Pater,
1207 953 1636 1038 omnipotens
1668 958 1917 1020 aeterne
1960 953 2169 1033 Deus,
2200 954 2315 1040 qui
2346 952 2587 1019 coelum

242 1059 322 1118 et
352 1059 630 1132 terram,
664 1077 848 1120 mare
881 1060 950 1120 et
992 1056 1217 1120 omnia
1249 1056 1498 1121 creasti
1524 1080 1540 1132 ;
1587 1062 1659 1121 te
1699 1057 2043 1141 supplices
2075 1077 2480 1141 quaesumus,
2512 1060 2589 1121 ut

240 1157 430 1220 hunc
478 1158 772 1223 fructum
820 1180 1070 1222 novum
1122 1160 1518 1223 benedicere
1567 1165 1637 1224 et
1691 1161 2115 1226 sanctificare
2159 1160 2462 1246 digneris
2517 1163 2589 1222 et

239 1262 704 1348 multiplicare
750 1265 1177 1330 abundanter
1221 1267 1672 1332 offerentibus
1719 1269 1866 1345 tibi,
1914 1273 1984 1332 et
2027 1267 2315 1352 impleas
2357 1287 2583 1331 eorum

239 1366 532 1433 cellaria
578 1392 728 1433 cum
774 1370 1173 1434 fortitudine
1218 1369 1546 1435 frumenti
1592 1376 1664 1435 et
1707 1372 1869 1449 vini,
1901 1376 1980 1436 ut
2021 1370 2334 1436 laetantes
2366 1371 2435 1433 in
2483 1368 2584 1437 eis

239 1473 552 1538 referant
581 1475 706 1539 tibi
740 1474 883 1539 Deo
916 1475 1365 1560 omnipotenti
1394 1474 1634 1540 laudes
1666 1481 1734 1541 et
1767 1476 2050 1563 gratias.
2141 1477 2293 1540 Per.

987 1664 1541 1731 BENEDIOTIO
1589 1665 1821 1729 VINI.

329 1853 619 1919 Domine
672 1855 1099 1940 omnipotens
1153 1853 1442 1932 Christe,
1497 1857 1611 1940 qui
1665 1877 1748 1920 ex
1805 1857 2102 1940 quinque
2164 1856 2456 1941 panibus
2509 1861 2583 1919 et

233 1959 508 2023 duobus
539 1958 838 2044 piscibus
871 1959 1164 2042 quinque
1212 1959 1430 2025 millia
1458 1959 1808 2022 hominum
1857 1960 2153 2036 satiasti,
2187 1965 2257 2023 et
2285 1960 2356 2021 in
2391 1956 2580 2022 Cana

240 2062 540 2128 Galilaeae
586 2084 669 2126 ex
713 2084 890 2145 aqua
924 2063 1151 2126 vinum
1185 2064 1428 2140 fecisti,
1462 2064 1687 2147 quies
1733 2062 1896 2126 vitis
1944 2084 2150 2139 vera3
2197 2061 2579 2149 multiplica

240 2188 453 2252 super
484 2187 715 2231 servos
750 2172 905 2230 tuos
950 2167 1476 2232 misericordiam
1510 2166 1794 2251 pietatis
1826 2172 1980 2241 tuae,
2012 2164 2572 2250 quemadmodum

235 2271 467 2336 fecisti
501 2291 650 2333 cum
684 2271 993 2355 patribus
1040 2272 1297 2335 nostris
1328 2274 1397 2334 in
1429 2277 1553 2336 tua
1598 2252 2061 2335 misericordia
2101 2267 2530 2354 sperantibus
2558 2290 2575 2331 z

231 2379 305 2439 et
329 2374 806 2455 bene-Fdicere
841 2383 911 2438 et
936 2375 1439 2458 sanctifflficare
1462 2374 1768 2460 digneris
1792 2376 1966 2438 hanc
1993 2380 2374 2438 creaturam
2405 2371 2571 2445 vini,

237 2500 444 2564 quam
466 2479 552 2544 ad
575 2479 1027 2544 substantiam
1049 2500 1393 2545 servorum
1417 2486 1685 2545 tuorum
1709 2478 2013 2543 tribuisti
2034 2501 2050 2555 ;
2099 2483 2176 2541 ut
2193 2477 2573 2559 ubicunque

240 2605 325 2648 ex
359 2585 487 2649 hac
521 2591 838 2648 creatura
882 2584 1105 2647 fusum
1141 2584 1352 2648 fuerit
1397 2584 1502 2647 vel
1537 2604 1580 2647 a
1622 2584 1927 2668 quolibet
1969 2585 2298 2667 potatum,
2330 2579 2572 2643 divinae

238 2688 730 2752 benedictionis
761 2692 893 2751 tuae
939 2688 1289 2770 opulentia
1328 2686 1699 2772 repleatur,
1731 2691 1813 2750 ut
1854 2683 2345 2770 accipientibus
2377 2704 2459 2745 ex
2494 2703 2571 2745 eo

237 2812 393 2854 cum
456 2790 833 2875 gratiarum
897 2791 1159 2854 actione
1225 2791 1684 2854 sanctificetur
1743 2789 1811 2852 in
1882 2787 2257 2853 visceribus
2318 2805 2574 2848 eorum.

238 2895 368 2984 Qui
402 2916 553 2959 cum
587 2897 789 2960 Patre
823 2900 892 2959 et
926 2895 1181 2979 Spiritu
1218 2895 1490 2959 Sancto.

412 4477 605 4540 Pont.
638 4475 721 4536 42
