3117 5025
524 377 664 445 320,
1179 383 1280 447 De
1320 383 1695 448 Ordinibus
1734 384 2200 470 conserendis.

522 633 559 661 ,‚
643 586 733 651 R.
825 587 1088 653 Memor
1118 588 1210 654 sit
1228 587 1557 653 Domi'nus
1577 588 1794 654 omnis
1814 588 2127 655 sacrificii
2146 588 2251 652 tui
2271 592 2340 653 et
2362 585 2833 652 holocaustum

521 737 558 765 ‚,
592 695 783 756 tuum
814 689 1067 777 pingue
1097 694 1240 758 fiat.

521 839 559 869 „
663 793 739 857 V.
832 793 1074 860 Mittat
1102 794 1228 859 tibi
1259 795 1588 860 auxilium
1622 795 1705 860 de
1738 802 1994 873 sancto,
2027 802 2100 861 et
2128 795 2210 859 de
2245 784 2405 859 Sion
2436 795 2712 858 tueatur
2741 792 2839 852 te.

522 944 561 971 „
655 897 968 962 Tractus.
1058 896 1505 964 Desiderium.

516 1047 555 1076 „
654 999 1102 1084 offertorium.
1195 1002 1462 1067 Memor
1502 1002 1592 1067 sit
1633 1000 1963 1068 Dominus
2005 1001 2224 1066 omnis
2256 999 2566 1067 sacrificii
2607 994 2732 1072 tui,
2766 998 2837 1058 et

516 1151 555 1179 ,‚
586 1103 1055 1171 holocaustum
1087 1108 1281 1169 tuum
1313 1106 1562 1192 pingue
1593 1106 1736 1172 fiat.
1825 1105 2163 1190 Alleluya‚
2198 1104 2536 1188 Alleluya.

518 1254 556 1282 „
663 1207 739 1270 V.
827 1206 1346 1273 Laetificabimur
1365 1209 1433 1273 in
1460 1208 1748 1274 salutari
1771 1215 1890 1275 tuo
1912 1214 1984 1275 et
2014 1209 2081 1272 in
2109 1208 2375 1274 nomine
2407 1204 2679 1272 Domini
2703 1202 2836 1268 Dei

514 1357 553 1386 „
584 1309 1180 1394 magnificabimur.

521 1462 561 1489 „
651 1412 892 1479 Mittat
921 1414 1048 1479 tibi
1077 1414 1402 1479 auxilium
1433 1414 1515 1480 de
1549 1421 1808 1493 sancto,
1839 1421 1910 1481 et
1938 1416 2020 1482 de
2054 1414 2213 1480 Sion
2243 1419 2518 1480 tueatur
2546 1417 2635 1477 te.

519 1567 558 1594 .‚
653 1519 1067 1582 Communio.
1155 1516 1592 1605 Unguentum
1659 1520 1728 1584 in
1804 1518 2042 1605 capite,
2104 1518 2282 1603 quod
2346 1515 2691 1581 descendit
2765 1513 2834 1576 in

521 1670 558 1697 ,‚
593 1620 892 1699 barbam,
939 1621 1009 1685 iu
1055 1621 1331 1687 barbam
1379 1623 1631 1699 Aaron,
1664 1623 1841 1707 quod
1887 1622 2233 1688 descendit
2275 1622 2348 1686 in
2394 1639 2580 1686 oram
2626 1618 2840 1682 vesti-

522 1773 560 1801 „
591 1724 802 1792 menti
832 1724 1018 1808 ejus3
1065 1724 1422 1790 Mandavit
1449 1724 1779 1791 Dominus
1808 1727 2338 1792 benedictionem
2371 1725 2440 1789 in
2472 1719 2805 1789 saeculum.

522 1877 561 1904 ‚,
652 1828 739 1892 R.
830 1827 1002 1892 Ecce
1034 1849 1234 1912 quam
1268 1831 1533 1893 bonum.

516 1982 556 2009 2,
648 1933 695 1996 I
694 1943 844 1996 tem.
936 1932 1124 1998 Sicut
1154 1928 1254 1997 fui
1287 1954 1437 1997 cum
1473 1934 1710 2019 Moyse
1742 1934 1840 1999 ita
1869 1956 1984 2000 ero
2013 1941 2258 2012 tecum,
2288 1933 2455 1999 dicit.
2484 1930 2836 2007 Dominus,

518 2084 556 2112 ,‚
591 2035 973 2101 confortare
1018 2035 1349 2122 populum
1397 2058 1641 2113 meum,
1673 2058 1891 2122 neque
1919 2038 2205 2103 ¹fimens.
2294 2032 2466 2101 Ecce
2516 2030 2845 2100 Dominus

521 2189 558 2217 ‚,
592 2139 776 2205 Deus
806 2143 967 2205 tuus
998 2147 1159 2205 ante
1192 2146 1261 2205 te
1299 2147 1425 2218 est,
1457 2146 1524 2206 et
1556 2163 1689 2206 non
1721 2149 1789 2207 te
1820 2142 2262 2228 derelinquet.

524 2294 563 2322 „
651 2247 774 2309 1²2.
866 2244 1206 2311 Exaudiat
1239 2253 1329 2311 te.

525 2398 564 2424 ‚,
653 2346 741 2413 R.
835 2349 1095 2414 Mittat.

519 2501 560 2529 ‚‚
665 2450 739 2518 V.
832 2451 1177 2519 Exaudiat
1208 2458 1275 2520 te
1308 2452 1637 2521 Dominus
1669 2455 1737 2521 in
1768 2454 1875 2522 die
1908 2452 2387 2532 tribulationis,
2418 2457 2735 2540 protegat
2766 2458 2832 2517 te

522 2602 563 2631 „
598 2575 841 2618 nomen
873 2552 1001 2618 Dei
1030 2554 1262 2618 Jacob.

522 2705 562 2734 „
651 2657 987 2742 Alleluya.
1077 2658 1420 2743 Disposui.

524 2811 561 2839 „
667 2761 742 2825 V.
774 2758 1077 2826 Veritas.

525 2915 564 2941 ‚‚
670 2866 746 2929 V.
834 2861 1263 2929 Laetabimur.

524 3021 559 3046 ‚‚
657 2967 992 3054 Alleluya.
1086 2968 1347 3035 Statuit
1375 2976 1463 3035 te.

526 3123 563 3150 ‚‚
654 3073 742 3137 R.
834 3070 1122 3136 Domine
1154 3094 1294 3157 per.

523 3228 562 3255 ,‚
666 3177 742 3239 V.
831 3175 1091 3239 Vitam.

515 3330 553 3359 „
655 3280 1111 3364 offertorium.
1206 3278 1441 3345 Gloria
1471 3285 1543 3345 et
1575 3283 1849 3346 honore.

519 3434 562 3463 „
660 3383 1078 3449 Communia.
1172 3382 1426 3447 Beatus
1460 3402 1719 3449 servus.

518 3538 557 3564 ‚,
651 3485 1010 3552 Benedixit
1058 3488 1127 3549 te
1175 3483 1378 3549 hodie
1434 3485 1645 3564 Deus,
1702 3494 1772 3552 et
1826 3488 2022 3552 unxit
2074 3494 2140 3552 te
2195 3487 2348 3551 oleo
2402 3485 2652 3550 laetitiae
2696 3507 2836 3574 prae

521 3642 560 3669 ‚‚
597 3589 1024 3655 consortibus
1055 3588 1215 3653 tuis.

521 3742 559 3770 „
652 3693 699 3756 I
701 3703 848 3756 tem.
941 3689 1208 3755 Memor
1239 3695 1391 3755 esto
1424 3693 1717 3757 nominis
1749 3691 2018 3757 Domini
2050 3691 2178 3758 Dei
2209 3692 2332 3757 tui.

520 3844 558 3872 ‚‚
651 3796 767 3858 Ps.
861 3793 1048 3858 Deus
1079 3792 1379 3857 deorum.
1486 3865 1492 3879 .

517 3941 556 3974 2,
646 3898 734 3960 R.
827 3895 1118 3961 Immola
1175 3895 1320 3961 Deo
1375 3898 1781 3962 sacrificium
1834 3898 2054 3964 laudis
2106 3906 2179 3964 et.
2228 3899 2428 3964 redde
2491 3896 2842 3963 Altissimo

523 4050 561 4078 ,‚
598 4005 758 4065 vota
789 4005 930 4064 tua.

524 4154 561 4181 ‚‚
667 4104 744 4167 V.
837 4101 1283 4187 Congregate.

521 4255 559 4284 ,‚
651 4206 739 4270 R.
831 4203 1283 4270 Desiderium.

518 4360 558 4388 „
660 4310 1104 4393 offertorium.
1200 4310 1489 4376 Benedic
1523 4311 1767 4376 anima.
