3117 5025
1157 406 1570 469 Ordination
1603 401 1817 465 Lista.
2505 393 2632 458 367

428 573 752 639 Ricardus
785 576 1054 641 Wilson
1089 577 1173 642 ad
1204 576 1480 641 titulum
1514 576 1752 639 domus
1784 572 2176 638 monialium
2207 570 2288 633 de
2321 567 2624 632 Marrike

429 677 842 744 Laurentius
876 680 1225 765 Herryson
1254 681 1338 744 ad
1369 679 1646 745 titulum
1669 677 2061 743 monasterii
2097 676 2178 740 de
2202 672 2404 737 Valle
2431 669 2647 755 regali

425 782 768 848 Henrieus
800 785 1100 849 Pereson
1133 784 1216 849 ad
1250 785 1524 850 titulum
1559 785 1795 848 domus
1828 781 2216 846 monialium
2251 780 2332 842 de
2368 775 2630 840 Marrik

428 883 799 951 Edwardus
862 888 1222 953 Middilton
1290 888 1376 953 ad
1441 887 1719 952 titulum
1788 888 2028 951 domus
2094 882 2486 948 monialium
2555 880 2636 986 de

2117 987 2632 1069 Clementhorpe

420 1093 716 1158 Thomas
752 1094 1111 1160 Starterell
1143 1097 1228 1160 ad
1261 1096 1533 1160 titulum
1568 1095 1913 1179 prioratus
1944 1094 2024 1157 de
2060 1090 2526 1156 Birkehewide

425 1197 758 1262 Ricardus
790 1197 1025 1281 Smyth
1057 1199 1142 1264 ad
1175 1200 1449 1265 titulum
1483 1201 1829 1284 prioratus
1857 1198 1940 1261 de
1973 1195 2341 1261 Oartemell

425 1298 794 1365 Wilfridus
827 1302 1238 1388 Scatergode
1271 1305 1354 1369 ad
1386 1305 1664 1370 titulum
1698 1304 2046 1388 prioratus
2077 1302 2157 1365 de
2191 1296 2555 1365 Cartemell

431 1403 764 1490 Georgius
801 1406 1152 1492 Singleton
1185 1409 1269 1473 ad
1301 1409 1577 1474 titulum
1610 1410 1950 1494 prioratus
1981 1407 2062 1469 de
2096 1403 2511 1468 Cokirsaund

429 1508 761 1574 Ricardus
794 1512 1084 1577 Hudson
1119 1515 1203 1578 ad
1234 1514 1508 1580 titulum
1543 1516 1886 1599 prioratus
1917 1513 1999 1576 de
2033 1509 2396 1575 Cartemell

434 1612 824 1679 Willelmus
857 1616 1280 1682 Thirnebeke
1313 1619 1396 1683 ad
1429 1618 1705 1683 titulum
1739 1616 2136 1682 monasterii
2168 1616 2249 1678 de
2282 1613 2527 1697 Heppa

430 1716 728 1782 Jacobus
762 1718 1084 1804 Tailyour
1114 1722 1198 1786 ad
1228 1722 1504 1786 titulum
1539 1723 1939 1787 monasterii
1971 1722 2051 1784 de
2083 1718 2520 1803 Conysheude

431 1821 473 1885 J
479 1823 778 1887 ohannes
808 1823 1112 1890 Alanson
1144 1827 1228 1890 ad
1258 1828 1534 1890 titulum
1570 1827 1968 1892 monasterii
1999 1826 2082 1890 de
2115 1824 2529 1890 Cokirsaund

434 1925 717 1991 Otuelus
748 1928 1063 2014 Bellarby
1095 1931 1181 1995 ad
1211 1930 1483 1995 titulum
1517 1933 1910 1996 monasterii
1941 1932 2022 1995 de
2053 1930 2095 1994 J
2101 1929 2358 1994 erovall

433 2031 786 2096 Mattheus
819 2032 1085 2099 Wilson
1118 2036 1202 2099 ad
1233 2035 1508 2100 titulum
1541 2038 1781 2101 domus
1813 2034 2204 2100 monialium
2236 2035 2320 2099 de
2352 2034 2614 2099 Marrik

434 2133 820 2199 Alexander
876 2138 929 2199 F
932 2139 1253 2203 owscroft
1314 2140 1399 2203 ad
1460 2141 1738 2204 titulum
1807 2141 2044 2204 domus
2105 2139 2502 2203 monasterii
2562 2138 2643 2201 de

481 2253 486 2259 ’
2193 2242 2198 2248 ’
2231 2242 2647 2308 Cokirsaund

441 2340 963 2430 Christopherus
996 2347 1336 2433 Burghtes
1368 2350 1451 2414 ad
1483 2348 1762 2414 titulum
1797 2351 2140 2435 prioratus
2172 2348 2252 2412 de
2286 2347 2514 2432 Felley

442 2445 964 2534 Christopherus
1013 2452 1372 2539 Mighalgh
1420 2454 1505 2519 ad
1550 2454 1826 2520 titulum
1874 2454 2264 2518 monasterii
2300 2454 2381 2517 de
2428 2452 2654 2517 Cokir-

2438 2558 2647 2622 saund

447 2654 815 2720 Edwardus
846 2658 1047 2722 Prate
1081 2659 1166 2723 ad
1198 2659 1471 2723 titulum
1502 2662 1740 2725 domus
1771 2662 2165 2726 monialium
2200 2662 2280 2725 de
2313 2662 2615 2725 Ellerton

447 2759 782 2828 Ricardus
814 2765 1077 2829 Turner
1109 2768 1191 2831 ad
1225 2767 1496 2831 titulum
1526 2763 1876 2853 prioratus
1907 2770 1987 2833 de
2021 2769 2250 2853 Felley

448 2864 514 2928 It
545 2864 685 2927 will
716 2869 797 2930 be
832 2890 994 2931 seen
1029 2871 1183 2934 that
1213 2870 1280 2933 in
1314 2872 1429 2934 the
1462 2873 1673 2937 above
1706 2873 1829 2938 list
1859 2875 2052 2938 there
2084 2895 2260 2938 were
2293 2874 2611 2937 ordained

446 2969 763 3053 Acolytes
1025 2972 1109 3034 42
1138 2995 1143 3004 ·
1277 2975 1352 3037 of
1376 2976 1591 3039 whom
1933 2981 1969 3041 1
2006 2999 2144 3042 was
2175 2998 2217 3042 a
2245 2978 2540 3064 regular.

447 3071 876 3138 Subdeacons
1030 3078 1115 3139 30
1885 3084 1965 3144 11
2003 3104 2178 3146 were
2209 3083 2538 3168 regulars.

449 3174 757 3241 Deaoons
1029 3179 1113 3242 50
1294 3235 1364 3246 ...
1554 3237 1567 3248 .
1584 3237 1625 3249 ..
1899 3189 1979 3248 16

450 3279 707 3345 Priests
1028 3284 1110 3346 62
1939 3292 1978 3350 9

997 3391 1162 3482 ‘ssi'
1889 3390 2008 3490 ’ᾗ

452 3521 518 3583 It
550 3542 697 3606 may
729 3523 809 3586 be
844 3523 1056 3587 worth
1091 3522 1288 3588 while
1320 3530 1390 3587 to
1440 3489 1701 3608 suh-{oin
1736 3529 1850 3591 the
1885 3532 2206 3594 numbers
2249 3533 2563 3596 ordained
2597 3535 2667 3596 in
2708 3533 2729 3546 χ

365 3626 635 3689 various
664 3645 863 3708 years
893 3626 1097 3691 taken
1131 3626 1363 3713 nearly
1396 3635 1467 3692 at
1501 3633 1778 3695 random
1809 3633 1979 3696 from
2015 3636 2126 3697 the
2159 3636 2506 3721 registers.

450 3729 591 3801 The
622 3728 774 3792 first
806 3730 926 3793 list
972 3730 1131 3793 isin
1167 3733 1602 3819 Archbishop,
1626 3734 1940 3801 Giffa-rd‘s
1988 3738 2344 3824 Register3
2393 3741 2545 3804 held
2595 3748 2665 3805 at

365 3830 565 3916 Blyth
598 3853 681 3895 on
716 3832 900 3917 Sept.
933 3833 1041 3895 20.
1079 3834 1330 3899 1273-4

452 3937 671 4000 There
706 3958 882 4000 were
914 3936 1231 4001 ordained

801 4039 1117 4125 Aeolytes
1327 4046 1450 4107 149

801 4144 1228 4209 Subdeaeons
1362 4150 1448 4212 40

799 4246 1102 4314 Deacons
1356 4253 1435 4319 77
1529 4256 1603 4319 of
1629 4259 1842 4321 whom
1935 4261 2018 4324 35
2124 4283 2296 4325 were
2330 4264 2655 4347 regulars.

797 4353 1065 4420 Priests
1325 4358 1479 4455 Ξ
1550 4412 1824 4429 ......
1923 4367 2007 4427 38

1343 4480 1471 4543 353
1892 4455 2043 4552 To,
