3117 5025
564 364 694 430 128
1160 366 1557 432 Benedictio
1590 366 1858 448 lapidis
1886 369 2285 448 portabilis.

656 553 796 617 Pax
829 558 1070 619 tecum.

656 655 745 719 Et
773 677 920 720 cum
955 657 1194 742 spiritu
1225 661 1362 721 tu0.

644 757 892 815 Interim
919 758 1150 817 dicatur
1176 759 1512 836 antiphona.

650 852 821 917 Ecce
868 853 1031 917 odor
1072 853 1198 918 filii
1248 855 1380 918 mei
1433 854 1613 919 sicut
1664 855 1830 920 odor
1874 857 2021 943 agri
2069 856 2246 942 pleni
2301 878 2495 941 quem
2544 854 2890 921 benedixit

560 953 905 1019 Dominus,
1631 951 1636 957 ’

648 1059 773 1123 Ps.
863 1058 1347 1124 Fundamenta.
1395 1060 1541 1125 sine
1573 1058 1811 1124 Gloria.
1839 1060 2046 1125 Patri.

641 1157 782 1220 Post
825 1160 940 1220 haec
985 1160 1248 1237 confricet
1300 1162 1589 1240 episcopus
1645 1170 1819 1221 totum
1865 1163 2116 1241 lapidem
2169 1184 2348 1223 manu
2392 1184 2515 1237 sua,
2564 1163 2882 1241 sparqendo

560 1255 742 1313 oleum
768 1263 818 1313 et
844 1256 1110 1328 chrisma,
1140 1264 1191 1314 et
1217 1263 1282 1314 ut
1297 1257 1469 1334 prius
1497 1256 1672 1315 dicat.

645 1351 1133 1432 Consecn1<are
1208 1355 1277 1414 et
1352 1347 1855 1428 sanctifflficare
1924 1350 2245 1436 digneris,
2311 1352 2596 1416 Domine
2663 1351 2872 1429 Deus,

553 1453 854 1519 tabulam
898 1454 1102 1519 istam
1132 1455 1280 1538 (vel
1306 1464 1388 1544 »Β
1420 1452 1714 1540 lapidem
1745 1452 1981 1538 istum)
2015 1475 2134 1538 per
2178 1457 2354 1520 sacri
2383 1454 2773 1520 chrismatis
2805 1461 2873 1518 et

553 1557 686 1621 olei
751 1556 1133 1620 unctionem
1201 1561 1270 1621 et
1334 1562 1639 1622 nostram
1698 1557 2331 1637 beneffldictionem.
2451 1561 2534 1625 In
2600 1560 2867 1624 nomine

551 1660 775 1726 Patris
803 1661 884 1741 ᾧ
917 1665 988 1723 et
1016 1659 1175 1722 Filii
1203 1663 1282 1744 ›1‹
1316 1666 1386 1724 et
1418 1659 1712 1745 Spiritus
1740 1667 1822 1747 ›1‹
1858 1659 2105 1725 Sancti.

641 1762 782 1826 Pax
815 1766 1057 1826 tecum.

641 1867 729 1928 R.
817 1863 912 1929 Et
941 1885 1088 1929 cum
1123 1863 1368 1950 spiritu
1398 1868 1537 1928 tun.

634 1969 886 2027 Interim
914 1968 1144 2026 dicatur
1169 1969 1504 2045 antiphona.

639 2064 1025 2129 AEdifieavit
1054 2062 1330 2148 Moyses
1373 2063 1591 2128 altare
1622 2062 1908 2127 Domino
1938 2063 2102 2141 Deo,
2135 2066 2425 2129 offerens
2472 2085 2678 2150 super
2705 2064 2873 2129 illud

553 2167 948 2232 holocausta.
974 2190 988 2229 ε
1059 2167 1378 2231 odoratus
1445 2174 1550 2232 est
1624 2165 1952 2231 Dominus
2019 2168 2289 2234 odorem
2358 2169 2739 2246 suavitatis,
2808 2177 2882 2234 et

552 2271 893 2335 benedixit
921 2269 1039 2333 eis.

640 2375 762 2438 Ps.
849 2372 1086 2437 Lauda.
1129 2369 1580 2436 Hierusalem.
1629 2392 1777 2435 cum
1810 2369 2044 2437 Gloria.
2072 2371 2281 2448 Patri,
2315 2393 2466 2455 quoe
2508 2375 2582 2436 in
2614 2375 2882 2455 superi-

553 2481 787 2544 oribus
817 2477 1127 2541 Psalmis
1156 2498 1293 2540 non
1323 2477 1611 2540 dicetur.

640 2582 970 2664 Sequitur
1002 2580 1373 2643 benedictio
1404 2580 1683 2654 incensi,
1715 2598 1864 2641 cum

635 2684 959 2749 Dominus
990 2682 1352 2745 vobiscum.
1442 2681 1744 2745 Oremus.

645 2788 910 2850 Oratio.
986 2783 1266 2847 Domine
1292 2782 1474 2847 Deus
1500 2782 1941 2867 omnipotens,
1966 2781 2073 2845 cui
2098 2785 2283 2845 astat
2306 2782 2639 2845 exercitus
2664 2802 2872 2867 ange-

547 2888 767 2952 lorum
788 2908 935 2951 cum
955 2892 1267 2962 tremore,
1290 2906 1570 2969 quorum
1598 2885 1943 2949 servitium
1967 2884 2318 2969 spirituale
2340 2892 2405 2948 et
2426 2884 2695 2970 igneum
2717 2907 2871 2951 esse

550 2990 1018 3076 cognoscitur3
1073 2988 1353 3073 dignare
1406 2988 1740 3073 respicere
1796 2992 1866 3050 et
1924 2987 2395 3073 beneffldicere
2450 2993 2519 3051 et
2573 2987 2871 3068 sanctifi<

548 3093 747 3157 ficare
778 3093 949 3156 hanc
980 3095 1355 3155 creaturam
1402 3090 1679 3166 incensi,
1712 3094 1789 3154 ut
1820 3111 2049 3153 omnes
2095 3090 2455 3173 languores
2488 3095 2873 3173 cunctaeque

542 3195 797 3260 insidiae
827 3193 1077 3257 inimici
1109 3193 1309 3257 odore
1341 3191 1489 3275 ejus
1523 3197 1837 3277 percepto
1864 3194 1900 3230 ³¹⁶
1935 3191 2256 3276 fugentur
2286 3212 2328 3253 a
2358 3190 2688 3275 plasmate
2720 3199 2864 3268 tu0,

545 3298 723 3384 quod
751 3297 1048 3382 pretioso
1093 3295 1252 3358 Filii
1284 3294 1385 3358 tui
1431 3294 1758 3378 sanguine
1803 3293 2168 3357 redemisti.
2261 3292 2386 3377 Qui
2434 3297 2653 3356 tecum
2698 3294 2871 3359 vivit

544 3408 612 3468 et
686 3407 928 3486 regnat
1000 3400 1070 3463 in
1137 3398 1397 3462 unitate
1476 3397 1766 3482 Spiritus
1843 3395 2069 3460 Sancti
2136 3416 2257 3480 per
2325 3394 2546 3459 omnia.
2620 3396 2868 3461 saecula

545 3504 954 3569 naeculorum.

621 3607 828 3666 Postea
866 3613 1048 3682 ponat
1087 3603 1374 3681 episcopus
1416 3602 1662 3679 quinque
1703 3621 1888 3677 yrana
1927 3600 2145 3659 incensi
2182 3600 2249 3657 in
2289 3600 2517 3657 modum
2561 3602 2744 3659 crucis
2791 3602 2862 3660 in

539 3701 724 3759 medio
753 3698 969 3776 lapidis
994 3706 1044 3755 et
1070 3697 1136 3754 in
1177 3705 1418 3773 quatuor
1445 3696 1671 3773 anyulis
1711 3703 1761 3753 et
1787 3695 2020 3771 desuper
2059 3694 2305 3770 quinque
2332 3715 2515 3752 cruces
2554 3693 2623 3751 de
2646 3696 2864 3771 yracili

537 3794 774 3853 candela
785 3774 1000 3868 factas,
1022 3791 1122 3847 ubi
1146 3790 1337 3847 unctio
1365 3789 1689 3848 chrismatis
1698 3788 1867 3865 facta
1877 3788 2082 3866 fuerit,
2106 3796 2156 3845 et
2183 3787 2564 3846 incendantur
2590 3789 2859 3849 candelae.

618 3887 866 3946 Interim
892 3885 1124 3942 dicatur
1153 3884 1486 3963 antiphona.

622 3987 949 4053 Ascendit
997 3987 1221 4050 fumus
1264 3990 1634 4052 aromatum
1688 3985 1757 4048 in
1811 3990 2172 4070 conspectu
2217 3982 2485 4050 Domini
2527 3983 2607 4048 de
2655 4006 2864 4050 manu

534 4092 781 4178 angeli.

534 4244 570 4281 ⁴⁸⁵
608 4243 723 4299 MS.
752 4247 1022 4315 praecepto
1045 4246 1155 4296 tue.
