3117 5025
1025 392 1396 457 Dedicatio
1433 393 1833 458 Goemeterit‘.
2527 386 2613 449 89

361 585 504 647 Post
529 590 645 650 hoee
671 593 751 651 ad
775 595 1073 655 meridiem
1097 618 1303 670 versus,
1333 598 1491 657 dicat
1515 599 1665 658 hane
1689 599 2020 658 orationem,

371 682 677 751 Oremus.
766 689 1150 756 Flectamus
1179 713 1421 778 genua.
1508 694 1784 759 Levate.

369 784 653 853 Domine
683 790 888 869 Deus,
918 799 1151 879 pastor
1178 801 1439 862 aeternae
1468 795 1721 882 gloriae,
1743 798 1961 861 honor
1990 791 2354 880 sapientiae,
2376 794 2605 856 custos

280 890 353 950 et
401 890 596 974 vigor
642 895 1028 979 prudentiae,
1074 897 1258 964 salus
1310 899 1796 985 aegrotantium,
1841 897 2157 964 valetudo
2208 894 2604 982 potentium,

280 998 663 1059 maestorum
709 998 1024 1079 solamen,
1068 1001 1213 1066 vita
1254 1002 1613 1087 justorum,
1658 1002 1879 1088 gloria
1918 1001 2290 1077 humilium,
2333 1004 2424 1075 te,
2469 996 2603 1064 Do-

278 1092 477 1171 mine,
528 1098 910 1184 flagitamus
968 1110 1046 1169 ut
1102 1105 1229 1169 hoc
1289 1125 1631 1170 servorum
1683 1111 1951 1195 tuorum
2010 1103 2457 1170 coemeterium
2515 1101 2602 1166 ab

277 1199 457 1261 omni
503 1203 825 1284 spurcitia
867 1227 946 1271 ac
988 1206 1489 1291 inquinamento
1535 1209 1891 1294 spirituum
1935 1207 2419 1272 immundorum
2451 1225 2599 1270 cus-

278 1300 515 1378 todire,
557 1306 947 1383 mund-Fare
991 1314 1062 1374 et
1103 1308 1560 1382 beneffldicere
1605 1311 1924 1397 digneris,
1970 1317 2170 1394 atque
2215 1308 2601 1393 corporibus

275 1403 588 1471 humanis
629 1409 754 1473 hoc
798 1411 865 1474 in
911 1411 1056 1477 loco
1098 1413 1496 1498 sepeliendis
1541 1414 1992 1478 sinceritatem
2045 1416 2436 1497 perpetuam
2480 1408 2601 1473 tri-

279 1508 481 1573 buere
512 1532 640 1574 non
673 1512 960 1591 desinas,
993 1521 1063 1580 et
1090 1516 1461 1600 quicunque
1492 1517 1810 1602 baptismi
1838 1517 2129 1602 gratiam
2159 1514 2596 1601 perceperint,

281 1619 351 1676 et
407 1614 562 1677 fidei
623 1614 980 1681 Catholicae
1045 1640 1258 1702 usque
1316 1619 1400 1684 ad
1459 1621 1615 1685 vitae
1672 1620 2030 1685 terminum
2087 1621 2598 1704 perseverantes

279 1717 551 1796 fuerint,
585 1725 786 1805 atque
829 1722 1110 1788 decurso
1152 1724 1357 1806 hujus
1397 1725 1517 1789 aevi
1549 1724 1835 1789 termino
1880 1744 2158 1809 corpora
2204 1721 2423 1787 suain
2469 1720 2598 1783 hoc

281 1825 655 1888 coemeterio
713 1826 967 1912 requiei
1025 1829 1656 1904 commendaverint,
1710 1828 2034 1914 angelicis
2089 1827 2275 1891 tubis
2334 1845 2599 1889 conc-re-

279 1926 616 2008 pantibus‚
661 1949 807 1992 cum
848 1931 1130 1995 materia
1176 1930 1471 2014 corporis
1517 1936 1588 1995 et
1640 1930 1873 1996 animae
1917 1929 2189 2016 praemia
2230 1926 2595 1993 coelestium

280 2031 675 2115 gaudiorum
707 2033 1112 2117 sempiterna
1140 2034 1533 2119 percipiant.
1622 2034 1755 2099 Per
1782 2033 2162 2097 Dominum.

359 2136 567 2193 Postea
600 2143 854 2194 cantetur
897 2136 1012 2194 Izaec
1050 2136 1367 2214 antiphona
1413 2156 1543 2195 cum
1589 2137 1833 2195 versibus
1859 2136 2097 2215 psalmi,
2137 2133 2297 2194 Voce
2343 2152 2472 2193 mea
2516 2133 2591 2191 ad

275 2230 614 2289 Dominum.

272 2362 2442 2504 W
1695 2419 1884 2506 !E
1921 2388 2605 2520 {EQ—³:

364 2536 466 2601 De
498 2575 525 2587 -
555 2536 734 2601 usin
783 2544 1016 2602 sancto
1061 2538 1125 2601 vi
1147 2559 1237 2602 -a
1323 2543 1397 2603 tu
1427 2575 1455 2588 -
1487 2560 1548 2616 a,
1639 2537 1799 2622 Quis
1843 2537 1945 2602 De
1976 2575 2004 2586 -
2036 2558 2115 2601 us
2175 2558 2332 2622 mag
2362 2574 2387 2586 -
2416 2558 2593 2600 -nus

272 2706 2597 2849 ωει-

274 2870 403 2933 sic·
423 2872 500 2931 ut
537 2867 638 2931 De
669 2904 696 2916 -
728 2886 810 2929 us
867 2871 1150 2943 nos-ter,
1257 2866 1358 2929 Tu
1447 2887 1520 2930 es
1564 2865 1666 2929 De
1698 2900 1724 2912 -
1758 2886 1838 2929 us
1869 2865 1984 2948 qui
2029 2865 2101 2929 fa
2153 2902 2182 2914 -
2212 2865 2317 2934 cis,
2363 2868 2592 2934 mi-ra-

270 3003 2593 3157 Q

271 3182 342 3245 bi
372 3179 472 3242 -li
503 3215 532 3227 -
561 3199 604 3242 a
654 3197 901 3261 magna
931 3176 1147 3240 so-lus
1176 3176 1241 3240 vi
1289 3213 1320 3226 -
1365 3176 1611 3241 derunt
1638 3182 1708 3241 te
1739 3197 1974 3260 a-quae.
2064 3198 2101 3239 e
2154 3198 2199 3239 u
2251 3198 2290 3240 o
2339 3200 2384 3241 u
2437 3201 2480 3244 a
2531 3204 2589 3247 e.

352 3301 558 3359 Postea
584 3298 871 3376 episcopus
897 3297 976 3354 ad
1001 3297 1323 3374 aquilonem
1349 3317 1536 3354 versus
1561 3297 1719 3355 dicat
1744 3297 1890 3355 hanc
1915 3297 2245 3354 orationem.
2267 3336 2272 3341 ·

356 3395 661 3461 Oremus.
750 3393 1134 3457 Flectamus
1165 3413 1406 3478 genua.
1495 3391 1770 3456 Levate.
2510 3476 2516 3482 ἢ

365 3500 629 3566 Oratim
721 3497 1156 3583 Omnipotens
1203 3496 1606 3581 sempiterne
1651 3495 1856 3572 Deus,
1899 3494 2012 3579 qui
2059 3515 2132 3559 es
2178 3500 2402 3560 custos
2448 3501 2592 3563 ani-

269 3624 550 3679 marum,
580 3600 798 3665 tutela
844 3600 1104 3676 salutis,
1152 3600 1316 3663 fides
1361 3599 1790 3675 credentium,
1829 3599 2087 3683 respice
2133 3599 2462 3684 propitius
2506 3603 2588 3667 ad

267 3714 515 3771 nostrae
569 3703 916 3767 servitutis
969 3703 1272 3779 officium,
1327 3709 1405 3766 ut
1455 3702 1540 3767 ad
1598 3701 1945 3765 introitum
2001 3707 2301 3765 nostrum
2353 3704 2596 3784 beneffi

268 3811 512 3884 dicere,
536 3805 995 3880 consec-Frare
1027 3812 1097 3869 et
1129 3803 1616 3877 sanctifflficare
1647 3806 1771 3867 hoc
1803 3806 2245 3868 coemeterium
2277 3806 2593 3892 digneris,

271 3919 606 3998 quatenus
635 3911 929 3973 humana
973 3929 1255 3993 corpora
1284 3908 1393 3971 hic
1425 3913 1580 3992 post
1623 3906 1776 3970 vitae
1806 3927 2070 3970 cursum
2111 3910 2488 3991 pausa-ntia,
2521 3911 2590 3974 in

269 4015 501 4101 magni
533 4012 769 4096 judicii
813 4012 919 4076 die
968 4010 1162 4075 simul
1209 4032 1355 4074 cum
1385 4010 1580 4073 felice
1626 4009 1850 4073 anima
1893 4018 2275 4074 mereantur
2318 4012 2596 4097 adipisci

270 4119 425 4181 vitae
458 4115 770 4201 perennis
797 4114 1063 4199 gaudia.
1153 4113 1282 4176 Per
1311 4113 1667 4177 Dominum
1699 4117 2024 4176 nostrum.

354 4218 590 4277 Exinde
632 4217 848 4294 praesul
893 4216 1244 4274 thuribulum
1290 4216 1449 4273 thure
1495 4214 1759 4291 refertum
1805 4215 2074 4292 accipiat,
2125 4223 2175 4272 et
2222 4219 2594 4275 caemeterium

268 4314 611 4374 circueundo
637 4313 894 4384 incenset,
924 4312 1068 4369 clero
1094 4319 1322 4369 canente
1347 4311 1494 4368 hanc
1522 4310 1915 4389 antiphonam.

449 4411 624 4474 Pout
657 4409 736 4470 11
