3117 5025
533 405 660 468 102
990 401 1495 466 Reconciliatio
1528 398 1859 463 Ecclesiae
1889 394 1995 460 vel
2031 389 2428 458 Goemeterii.

621 607 1008 672 Secundum
1036 605 1320 670 Lucam.
1599 611 1603 616 ’
2453 591 2567 674 [vi.
2599 589 2850 676 43-48]

619 709 702 774 In
730 708 849 773 illo
877 714 1197 793 tempore,
1228 707 1420 771 Dixit
1447 706 1491 771 J
1493 724 1652 770 esus
1695 701 2043 789 discipulis
2088 699 2265 774 suis:
2310 698 2468 764 Non
2511 700 2621 763 est
2650 697 2853 761 arbor

533 815 710 878 bona
767 834 911 895 quae
963 811 1129 876 facit
1183 810 1444 875 fructus
1501 808 1759 874 malos:
1825 828 2039 891 neque
2099 808 2300 871 arbor
2358 803 2540 870 mala
2595 803 2856 868 faciens

529 916 820 980 fructum
859 915 1123 979 bonum.
1212 913 1641 997 Unaquaeque
1686 912 1861 977 enim
1909 913 2110 978 arbor
2151 910 2222 973 in
2267 929 2402 982 suo,
2434 908 2658 971 fructu
2698 927 2856 990 cog-

532 1019 854 1085 noscitur.
942 1018 1182 1103 Neque
1235 1018 1409 1082 enim
1460 1017 1542 1083 de
1597 1019 1807 1103 spinis
1859 1016 2187 1103 colligunt
2236 1015 2449 1078 ficus:
2503 1032 2719 1096 neque
2770 1011 2856 1075 de

529 1122 697 1186 rubo
727 1121 1139 1187 vindemiant
1166 1143 1386 1187 uvam.
1475 1121 1702 1186 Bonus
1731 1120 1930 1185 homo
1960 1121 2041 1184 de
2070 1122 2244 1185 bono
2286 1118 2606 1182 thesauro
2635 1114 2859 1179 cordis

534 1224 640 1289 sui
669 1223 927 1309 profert
968 1226 1254 1289 bonum:
1301 1227 1372 1289 et
1399 1223 1619 1289 malus
1658 1225 1857 1288 homo
1900 1224 1983 1288 de
2014 1222 2192 1288 malo
2235 1222 2556 1286 thesauro
2598 1219 2862 1303 profert

535 1325 807 1391 malum.
895 1326 1000 1389 Ex
1031 1326 1440 1391 abundantia
1468 1326 1643 1390 enim
1675 1325 1894 1391 cordis
1925 1346 2002 1390 os
2029 1324 2347 1409 loquitur.
2435 1323 2604 1408 Quid
2634 1327 2859 1387 autem

534 1427 790 1493 vocatis
817 1448 943 1504 me,
967 1427 1270 1503 Domine,
1294 1426 1616 1492 Domine:
1663 1433 1729 1492 et
1760 1450 1893 1493 non
1922 1427 2145 1493 facitis
2169 1449 2310 1512 quae
2339 1426 2533 1491 dico'l
2624 1424 2861 1490 Omnis

535 1530 649 1614 qui
681 1531 868 1594 venit
897 1531 981 1595 ad
1004 1551 1108 1594 me
1139 1535 1207 1595 et
1237 1530 1424 1596 audit
1446 1551 1783 1596 sermones
1812 1552 1996 1596 meos
2026 1534 2099 1596 et
2125 1530 2288 1596 facit
2309 1549 2462 1593 eos:
2508 1528 2854 1594 ostendam

536 1631 724 1697 vobis
755 1633 859 1697 cui
892 1631 1130 1697 similis
1163 1633 1287 1697 sit:
1336 1632 1587 1698 Similis
1632 1639 1739 1699 est
1764 1633 2016 1699 homini
2044 1633 2393 1699 aedificanti
2422 1633 2709 1704 domum,
2742 1632 2860 1714 qui

539 1733 712 1798 fodit
756 1734 829 1797 in
868 1733 1080 1798 altum
1127 1738 1194 1798 et
1246 1734 1473 1817 posuit
1515 1735 2020 1801 fundamentum
2069 1757 2271 1819 super
2320 1741 2621 1820 petram:
2665 1734 2860 1797 inun-

541 1834 810 1899 datione
862 1839 1087 1899 autem
1134 1836 1335 1912 facta,
1388 1835 1641 1901 illisum
1695 1829 1800 1902 est
1857 1839 2102 1902 flumen
2155 1838 2380 1902 domui
2433 1837 2555 1914 illi,
2607 1841 2678 1901 et
2728 1858 2863 1902 non

542 1937 764 2022 potuit
793 1958 939 2001 eam
970 1932 1275 2002 movere:
1321 1937 1605 2002 fundata
1634 1939 1810 2003 enim
1841 1944 1990 2004 erat
2020 1959 2221 2025 super
2248 1948 2529 2026 petram.

635 2040 1083 2121 Offertorium.
1172 2040 1373 2104 Oravi
1390 2038 1607 2103 Deum
1631 2063 1850 2105 meum
1876 2063 2001 2128 ego
2023 2041 2265 2107 Daniel
2287 2043 2553 2107 dicens:
2601 2041 2864 2118 exaudi,

545 2139 850 2218 Domine,
882 2161 1115 2224 preces
1160 2142 1338 2206 servi
1381 2142 1519 2207 tui:
1565 2141 1872 2216 illumina
1914 2144 2152 2207 faciem
2196 2148 2382 2208 tuam
2429 2164 2631 2229 super
2676 2164 2862 2209 sanc-

544 2243 837 2307 tuarium
867 2248 1059 2308 tuum
1089 2249 1160 2309 et
1187 2243 1515 2329 propitius
1543 2243 1814 2309 intende
1854 2245 2172 2332 populum
2203 2251 2393 2311 tuum
2438 2266 2640 2332 super
2667 2267 2863 2331 quem

544 2345 926 2411 invocatum
956 2350 1063 2410 est
1089 2368 1331 2411 nomen
1361 2352 1571 2424 tuum,
1602 2346 1809 2412 Deus.

629 2450 722 2514 In
755 2458 1046 2530 tempore
1076 2448 1436 2534 Pasckali,
1468 2447 1762 2515 alleluia.

635 2555 938 2619 Secreta.
1024 2552 1189 2617 Haec
1232 2552 1474 2629 hostia,
1507 2572 1904 2637 quaesumuS,
1948 2550 2252 2630 Domine,
2284 2558 2356 2618 et
2395 2552 2614 2618 locum
2659 2553 2862 2618 istum

550 2657 638 2721 ab
665 2654 1104 2719 immunditiis
1134 2654 1513 2738 iniquorum
1558 2656 1600 2737 (
1599 2654 1709 2718 vel
1737 2659 2020 2739 patratae
2066 2654 2483 2739 offensionis)
2517 2657 2866 2739 expurget,

550 2765 622 2825 et
667 2759 1187 2844 supplicationes
1229 2761 1501 2823 nostras
1545 2757 1658 2823 hic
1688 2763 1755 2823 et
1800 2757 2045 2842 ubique
2090 2758 2216 2824 tibi
2258 2758 2496 2824 reddat
2537 2761 2866 2843 acceptas.

548 2863 679 2927 Per
705 2859 1083 2925 Dominum.

635 2962 1037 3027 Benedictio
1065 2962 1533 3044 Episcopalis.

641 3066 1075 3150 Omnipotens
1126 3064 1331 3142 Deus,
1383 3065 1698 3130 universa
1749 3065 1940 3130 vobis
1993 3070 2064 3131 et
2111 3066 2180 3129 in
2233 3068 2358 3132 hoc
2419 3068 2670 3152 templo
2722 3070 2870 3153 (vel

553 3167 958 3252 coemeterio)
989 3168 1276 3239 adversa
1319 3167 1634 3232 excludat
1676 3189 1755 3233 ac
1801 3188 1935 3232 suae
1983 3188 2182 3254 super
2224 3190 2348 3235 nos
2391 3171 2874 3238 benedictionis

498 3296 505 3301 ⁶
555 3271 730 3336 dona
759 3270 1166 3355 propitiatus
1196 3269 1525 3335 infundat.
1614 3270 1848 3335 Amen.

644 3372 862 3438 Corda
882 3372 1418 3438 convenientium
1449 3371 1532 3436 ad
1561 3371 1736 3436 hanc
1756 3373 2360 3439 reconciliationem
2394 3377 2636 3442 efficiat
2666 3378 2874 3443 sacris

549 3480 816 3544 intenta
859 3477 1202 3554 doctrinis,
1250 3497 1393 3560 quae
1445 3474 1707 3561 possint
1749 3476 1993 3561 repleri
2042 3478 2385 3543 beneficiis
2431 3480 2870 3566 sempiternis.

556 3586 793 3648 Amen.

643 3682 986 3768 Quatenus
1010 3678 1433 3763 exsequenda
1462 3679 1920 3765 intelligentes
1944 3684 2015 3746 et
2041 3680 2387 3749 intellecta
2416 3693 2876 3772 exsequentes,

554 3786 732 3848 inter
790 3782 1075 3847 adversa
1136 3780 1366 3845 mundi
1421 3782 1507 3846 ab
1568 3782 1746 3845 omni
1807 3783 2000 3846 sorde
2068 3791 2486 3868 peccatorum
2546 3789 2873 3874 purificati

555 3884 987 3951 inveniamini
1032 3882 1417 3959 incolumeS,
1465 3889 1536 3949 et
1584 3884 1931 3949 beatorum
1983 3886 2335 3972 spirituum
2386 3891 2759 3957 efficiamini
2811 3893 2876 3956 in

557 3989 808 4056 coelesti
838 4008 1048 4072 regno
1093 3986 1491 4052 cohaeredes.
1585 3987 1818 4051 Amen.

649 4091 836 4177 Quod
865 4090 1032 4175 ipse.
