3117 5025
1107 390 1556 456 C'onsecratio
1593 390 1825 475 Regis.
2516 382 2645 451 277

335 583 498 650 cleri
530 592 602 653 et
628 586 848 674 plebis
876 588 946 654 in
974 589 1102 654 hoc
1130 588 1325 676 regni
1356 587 1531 654 solio
1560 588 1931 667 confirmet,
1964 591 2032 655 et
2074 586 2143 652 in
2173 607 2384 674 reguo
2413 590 2664 651 aeterno

336 708 564 754 secum
616 711 904 777 regnare
961 691 1191 769 faciat,
1242 692 1287 758 J
1289 712 1446 757 esus
1498 691 1811 759 Christus
1859 690 2186 758 Dominus
2236 693 2489 765 noster,
2540 708 2659 752 rex

335 812 571 879 regum
594 799 666 860 et
683 794 994 861 dominus
1013 794 1524 861 dominantium.
1614 794 1739 881 Qui
1760 817 1907 861 cum
1927 793 2075 860 Deo
2091 794 2297 861 Patre
2315 796 2385 858 et
2405 789 2662 876 Spiritu

343 896 613 961 Sancto.

423 998 700 1076 Sequitur
727 998 951 1060 Oratio·

432 1096 871 1184 Omnipotens
919 1097 1105 1164 Deus
1149 1098 1267 1165 det
1317 1097 1444 1164 tibi
1495 1099 1579 1164 de
1625 1118 1779 1164 rore
1824 1096 1969 1163 coeli
2014 1102 2086 1164 et
2128 1096 2211 1164 de
2261 1094 2667 1182 pinguedine

341 1201 538 1264 terrae
591 1200 1071 1267 abundantiam
1129 1201 1452 1267 frumenti
1498 1205 1569 1268 et
1628 1202 1771 1267 vini
1823 1206 1896 1267 et
1954 1199 2124 1279 olei3
2179 1199 2482 1265 serviant
2538 1198 2664 1265 tibi

343 1302 575 1387 populi
606 1308 678 1369 et
705 1304 991 1371 adorent
1019 1310 1088 1371 te
1119 1305 1379 1383 tribus3
1426 1310 1576 1371 esto
1605 1305 1917 1371 dominus
1946 1303 2236 1370 fratrum
2265 1307 2555 1380 tuorum,
2587 1307 2659 1367 et

349 1403 785 1472 incurventur
822 1413 983 1474 ante
1026 1413 1097 1474 te
1142 1408 1267 1474 filii
1310 1409 1550 1475 matris
1590 1413 1758 1488 tuae3
1805 1414 1878 1475 et
1919 1408 2033 1493 qui
2075 1406 2493 1474 benedixerit
2535 1405 2658 1471 tibi

345 1508 920 1576 benedictionibus
963 1510 1326 1598 repleatur,
1357 1517 1427 1577 et
1465 1509 1653 1577 Deus
1697 1511 1829 1576 erit
1856 1510 2127 1593 adjutor
2167 1517 2348 1575 tuus.
2437 1507 2662 1573 Omni-

340 1617 582 1697 potens
641 1613 998 1680 benedicat
1061 1615 1186 1680 tibi
1246 1614 1824 1680 benedictionibus
1884 1613 2031 1680 coeli
2089 1613 2397 1697 desuper,
2456 1616 2529 1677 et
2591 1611 2661 1675 in

351 1715 689 1781 montibus
731 1722 803 1782 et
845 1717 913 1781 in
945 1717 1251 1795 collibus,
1282 1718 1863 1783 benedictionibus
1891 1715 2117 1802 abyssi
2154 1714 2450 1799 jacentis
2475 1713 2668 1779 deor-

347 1839 514 1896 sum,
538 1819 1117 1886 benedictionibus
1138 1822 1418 1892 uberum
1435 1826 1509 1885 et
1525 1820 1766 1897 vulvae,
1788 1818 2369 1886 benedictionibus
2389 1839 2668 1883 uvarum

348 1943 863 2009 pomorumque;
906 1924 1401 1991 benedictiones
1445 1929 1717 2011 patrum
1746 1923 2196 2010 antiquorum,
2227 1919 2570 1988 Abraham
2600 1927 2672 1988 et

353 2026 549 2091 Isaac
580 2032 651 2093 et
687 2027 902 2093 Jacob
943 2029 1337 2093 confortatae
1369 2028 1510 2094 sint
1538 2047 1746 2113 super
1788 2031 1879 2093 te.
1967 2027 2099 2092 Per
2124 2025 2484 2091 Dominum
2510 2046 2667 2092 nos-

354 2134 533 2195 trum
565 2129 610 2195 J
612 2150 800 2196 esum
834 2128 1179 2197 Christum
1210 2131 1484 2196 Filium.

429 2233 584 2292 Alia
614 2233 839 2293 OratiO.

454 2328 768 2405 Benedic,
818 2328 1126 2408 Domine,
1178 2328 1643 2395 fortitudinem
1697 2327 1903 2412 hujus
1954 2325 2294 2432 principis,
2344 2330 2415 2391 et
2464 2346 2673 2412 opera
2803 2386 2807 2392 .

354 2453 673 2497 manuum
731 2432 918 2498 illius
979 2433 1261 2522 suscipe,
1317 2439 1388 2499 et
1445 2432 1910 2499 benedictione
1962 2438 2081 2496 tua
2138 2425 2327 2495 tei-fa
2384 2429 2532 2514 ejus
2592 2429 2673 2495 de

354 2535 569 2622 pomis
592 2534 950 2621 repleatur,
974 2536 1056 2601 de
1081 2536 1302 2603 fructu
1329 2536 1474 2602 coeli
1500 2542 1572 2603 et
1593 2556 1743 2601 rore
1768 2540 1969 2621 atque
1995 2534 2220 2620 abyssi
2245 2532 2674 2618 subjacentis,

357 2638 440 2703 de
486 2639 711 2703 fructu
757 2639 923 2705 solis
968 2644 1039 2706 et
1083 2639 1276 2716 lunae,
1322 2640 1403 2704 de
1448 2640 1701 2705 vertice
1747 2638 2171 2723 antiquorum
2216 2636 2565 2713 montium,
2596 2636 2679 2701 de

357 2742 575 2828 pomis
603 2748 1004 2808 aeternorum
1037 2742 1330 2822 collium,
1363 2749 1435 2810 et
1462 2744 1545 2808 de
1589 2743 1899 2830 frugibus
1928 2746 2124 2808 terroe
2155 2744 2226 2806 et
2266 2739 2680 2827 plenitudine

362 2845 533 2930 ejus.
621 2847 1013 2912 Benedictio
1064 2847 1250 2927 illius
1303 2848 1416 2933 qui
1466 2848 1779 2932 apparuit
1830 2844 1903 2911 iu
1952 2845 2142 2922 rubo,
2195 2842 2429 2912 veniat
2480 2863 2685 2929 super

357 2956 564 3039 caput
592 2950 740 3035 ejus
770 2951 868 3017 ill.
899 2955 971 3017 et
999 2951 1200 3038 plena
1244 2952 1338 3018 sit
1369 2951 1747 3017 benedictio
1790 2949 2062 3017 Domini
2104 2948 2177 3013 in
2220 2947 2382 3013 filiis
2412 2948 2582 3033 ejus,
2614 2955 2684 3013 et

352 3055 573 3140 tingat
596 3055 668 3118 in
691 3053 840 3119 oleo
864 3054 1104 3139 pedem
1129 3075 1344 3120 suum.
1434 3052 1705 3120 Cornua
1724 3051 2169 3118 rhinocerotis
2193 3071 2444 3116 cornua
2465 3049 2672 3130 illius,

356 3158 426 3222 in
456 3158 626 3242 ipsis
657 3158 1014 3225 ventilabit
1040 3164 1281 3245 gentes
1311 3179 1524 3243 usque
1555 3158 1638 3223 ad
1664 3157 1988 3223 terminos
2018 3160 2232 3231 terrae,
2257 3160 2328 3219 et
2356 3174 2677 3220 ascensor

366 3261 512 3328 coeli
542 3261 908 3328 auxiliator
938 3282 1103 3327 suus
1131 3261 1201 3326 in
1234 3262 1717 3347 sempiternum
1747 3260 1890 3326 fiat.
1980 3259 2112 3324 Per
2138 3255 2518 3321 Dominum.

460 3367 664 3440 Fini}
694 3368 1117 3441 consecratio
1150 3368 1352 3463 φορεῖς.
