3117 5025
1052 429 1419 494 Dedicatio
1457 430 1779 494 G'oemeter
1790 429 1867 492 ii.
2548 426 2633 495 87

884 701 1404 783 [DEDIOATIO
1456 701 2048 790 OOEMETER11.]

380 889 465 949 In
490 890 845 951 dedicatione
871 893 1189 952 coemeterii.
1271 893 1544 951 Primum
1568 892 1726 951 dicat
1752 891 2038 969 episcopus
2064 899 2163 963 ter,
2194 890 2401 951 Deus
2385 911 2441 950 m
2472 890 2638 970 adju-

296 986 520 1045 torium
547 1006 740 1045 meum
769 987 1026 1059 intende,
1053 1009 1184 1047 cum
1207 987 1607 1064 yenufleoeione,
1632 986 1779 1045 sicut
1804 986 1872 1044 in
1897 985 2302 1045 consecratione
2328 986 2551 1044 altaris.

380 1078 588 1138 Postea
609 1080 806 1155 faciat
830 1081 1117 1159 episcopus
1140 1081 1508 1140 exorcismum
1533 1080 1674 1138 salis
1711 1087 1764 1139 et
1802 1099 1983 1157 aquoe,
2010 1079 2217 1139 cineris
2242 1087 2293 1138 et
2331 1080 2477 1152 vini,
2505 1101 2635 1140 cum

304 1174 779 1233 benedictionibus
818 1177 1155 1248 eorumdem,
1187 1176 1492 1235 secundum
1517 1176 1669 1254 quod
1706 1183 1938 1234 notatur
1974 1173 2042 1233 de
2067 1174 2384 1234 exorcismo
2406 1183 2459 1235 et
2485 1177 2636 1235 bene-

305 1267 558 1327 dictione
584 1269 725 1327 salis
751 1278 802 1328 et
828 1290 990 1347 aquae
1015 1291 1191 1348 supra
1218 1271 1286 1328 in
1311 1269 1670 1328 dedicatione
1696 1268 1951 1341 ecclesioe,
1977 1288 2149 1346 usque

393 1364 739 1449 Quatenus
783 1373 1170 1431 consecrata
1214 1366 1308 1431 sis
1340 1388 1516 1450 aqua
1562 1370 1816 1443 saneta,
1850 1387 1928 1431 ae
1973 1366 2284 1450 proficias
2328 1366 2413 1432 ad
2454 1367 2635 1432 dedi-

307 1468 639 1534 cationem
688 1468 890 1552 hujus
942 1468 1319 1545 coemeterii,
1372 1476 1449 1533 ut
1501 1489 1626 1553 per
1672 1474 1762 1545 te,
1816 1474 1885 1533 et
1936 1489 2059 1553 per
2110 1470 2638 1535 benedictionem

308 1572 624 1647 divinam,
655 1571 1021 1636 auxiliante
1065 1571 1370 1649 Domino,
1405 1571 1547 1635 sive
1595 1592 1716 1656 per
1759 1591 1834 1635 os
1881 1575 1950 1635 et
1990 1591 2112 1656 per
2152 1593 2392 1636 manus
2436 1577 2639 1657 atque

313 1675 599 1738 officium
629 1679 951 1750 nostrum,
982 1675 1108 1738 hoc
1153 1674 1600 1739 coemeterium
1643 1673 1970 1739 divinitus
2010 1696 2131 1759 per
2173 1676 2463 1760 gratiam
2497 1676 2644 1762 Spi-

313 1778 484 1842 ritus
519 1777 748 1842 Sancti
770 1783 1193 1842 consecretur
1221 1780 1292 1841 et
1318 1775 1805 1862 perpetualiter
1826 1776 1910 1841 ad
1944 1776 2326 1863 sepelienda
2350 1778 2644 1843 fidelium

314 1900 595 1963 corpora
638 1884 1097 1949 consecratum
1137 1886 1560 1965 permaneat3
1608 1884 1679 1944 et
1721 1879 2012 1964 Spiritus
2059 1880 2344 1945 Sanctus
2382 1881 2648 1947 habitet

314 1981 385 2044 in
416 1983 539 2046 hoe
569 1982 963 2047 coemeterio,
1052 1983 1184 2046 Per
1212 2004 1360 2046 eum
1392 1982 1506 2065 qui
1536 1988 1859 2048 venturus
1900 1989 2005 2047 est
2026 1982 2329 2067 judicare
2359 1984 2548 2049 vivos
2578 1991 2650 2050 et

317 2089 619 2148 mortuos
649 2090 720 2149 et
749 2084 1055 2149 saeeulum
1086 2105 1206 2169 per
1239 2085 1479 2169 ignem.

401 2185 788 2258 Postmodum,
809 2188 1016 2265 positis
1053 2195 1294 2265 quatuor
1319 2187 1575 2245 crucibus
1613 2186 1681 2245 in
1718 2194 1960 2263 quatuor
1990 2187 2219 2263 anyulis
2256 2189 2572 2261 coemeterii,
2599 2197 2651 2247 et

319 2281 625 2340 secundum
650 2281 920 2357 quosdam
945 2282 1147 2359 quinta
1173 2302 1332 2340 cruce
1357 2282 1425 2339 in
1462 2281 1649 2339 medio
1674 2280 1993 2353 coemeterii,
2021 2288 2072 2338 et
2098 2280 2445 2340 illuminatis
2482 2304 2653 2360 super

319 2376 579 2452 sinqulas
605 2396 789 2433 cruces
815 2376 993 2434 tribus
1019 2376 1259 2447 cereolis,
1289 2375 1579 2453 episcopus
1619 2384 1703 2434 ter
1727 2375 2033 2433 circumeat
2060 2375 2215 2433 intus
2253 2378 2643 2449 coemeterium,

321 2472 635 2551 sparqendo
663 2492 872 2550 aquam
898 2471 1259 2544 benedictam,
1287 2492 1445 2531 cruce
1473 2492 1540 2531 ac
1567 2471 1921 2532 candelabris
1945 2471 2399 2551 praecedentibus,
2426 2479 2477 2532 et
2503 2473 2647 2533 clero

323 2575 593 2655 sequente,
626 2567 874 2626 canendo
900 2567 1047 2625 hanc
1075 2566 1467 2645 antiphonam.

348 2695 1398 2730 .—

348 2751 368 2763 ”“
752 2767 1104 2798 ---

416 2839 756 2922 Asperges
786 2857 891 2898 me
920 2834 1289 2899 Do-mi-ne.

751 2967 1873 3083 ,ΞΕ-Ἡ

419 3114 758 3180 Psalmus
849 3113 980 3177 Mi·
986 3133 1086 3177 se·
1061 3133 1192 3175 --re
1194 3132 1268 3176 re
1299 3133 1464 3175 me·
1494 3112 1540 3189 i,
1570 3112 1778 3176 Deus,

408 3238 612 3296 Postea
640 3233 878 3293 litanias
917 3232 1254 3291 circueundo
1297 3232 1669 3291 coemeterium
1709 3233 1881 3292 intus.
1962 3231 2187 3291 Deinde
2216 3230 2474 3309 pontifex
2498 3232 2656 3292 dicat

327 3334 477 3392 hanc
503 3330 811 3389 orationem
839 3326 919 3385 ad
943 3327 1210 3386 orientem
1235 3326 1550 3386 coemeterii.

418 3425 745 3492 Dominus
772 3422 1132 3488 vobiscum.

419 3529 723 3593 Oremus.

424 3631 688 3696 Oratio.
775 3627 981 3704 Deus,
1041 3625 1158 3711 qui
1217 3645 1290 3689 es
1348 3624 1560 3690 totius
1628 3624 1807 3689 orbis
1865 3623 2184 3701 conditor,
2245 3628 2315 3688 et
2378 3623 2653 3689 humani

330 3734 601 3823 generis
651 3732 1047 3816 redemptor,
1097 3734 1617 3812 cunctarumque
1669 3732 2123 3793 ereaturarum
2175 3726 2534 3792 visibilium
2589 3735 2659 3793 et

329 3836 769 3904 invisibilium
829 3834 1166 3919 perfectus
1217 3831 1601 3915 dispositor,
1654 3837 1722 3896 te
1786 3830 2065 3916 supplici
2126 3851 2287 3894 voce
2348 3852 2426 3895 ac
2484 3852 2653 3915 puro

330 3941 529 4007 corde
563 3937 1003 4022 exposcimuS,
1033 3941 1110 3999 ut
1140 3935 1266 3997 hoc
1297 3933 1742 3998 coemeterium
1775 3933 1915 3997 sive
1961 3931 2374 4017 poliandrum
2408 3932 2475 3995 in
2521 3954 2653 4017 quo

331 4042 739 4110 famulorum
769 4037 1301 4120 famularumque
1332 4040 1601 4099 tuarum
1647 4057 1925 4121 corpora
1966 4036 2382 4119 requiescere
2412 4036 2657 4101 debent

327 4152 486 4231 post
538 4141 870 4208 curricula
911 4139 1116 4223 hujus
1169 4139 1320 4202 vitae
1373 4137 1689 4215 labentia,
1738 4136 2242 4213 sanetiffificare,
2294 4136 2654 4222 purffigare

330 4255 535 4333 atque
587 4245 974 4311 benedicere
1033 4240 1362 4327 digneris3
1424 4240 1668 4324 quique
1723 4244 2140 4324 peecatorum
2199 4238 2657 4303 remissionem

328 4372 451 4435 per
473 4357 657 4414 tuam
689 4366 999 4432 magnam
1029 4342 1550 4409 misericordiam
1577 4343 1644 4405 in
1676 4346 1745 4406 te
1778 4340 2242 4406 confitentibus
2264 4341 2660 4425 praestitisti,
