3117 5025
473 331 512 393 2
1238 329 1336 391 De
1369 329 1612 392 Sacris
1652 329 2042 392 Ordinibus.

462 501 661 576 jejuno
688 500 924 577 recipiat
946 499 1168 558 ordines
1188 523 1211 572 ;
1253 501 1368 559 Ex.
1398 500 1469 558 de
1497 509 1677 579 temp.
1708 500 1898 558 ordin.
1968 500 2081 557 Per
2109 498 2328 556 literas.
2411 493 2545 552 Non
2574 493 2787 570 accipi-

475 604 649 654 antur
674 595 895 653 ordines
921 617 1092 672 neque
1121 596 1495 671 conferantur,
1522 596 1644 653 nisi
1669 595 2001 673 temporibus
2029 595 2099 651 ab
2143 591 2392 651 Ecclesia
2429 590 2739 649 constitutis
2763 612 2787 659 ;

475 691 588 751 Ex.
617 692 713 749 ubi
743 693 927 770 prius,
957 713 1080 771 cap.
1113 694 1132 751 i
1176 701 1235 751 et
1263 694 1346 751 iii.
1432 693 1634 751 Multa
1662 703 1812 765 sunt,
1840 715 1962 770 quoe
1988 691 2308 770 impediunt
2325 689 2786 768 promovendum,

473 787 594 845 sine
621 788 805 864 culpa,
836 788 939 845 etsi
977 809 1090 845 non
1127 789 1247 846 sine
1275 809 1446 847 causa
1475 811 1493 847 .·
1534 790 1805 866 quoniam
1842 810 1955 847 non
1981 788 2132 846 debet
2161 786 2482 864 promoveri
2521 785 2742 861 iynotus
2765 805 2789 855 ,·

479 882 588 941 Ex.
635 882 709 940 de
762 881 988 942 clericis
1040 884 1377 962 peregrinis,
1427 904 1553 961 cap.
1607 885 1669 943 ii.
1753 883 2040 960 Biyamus
2059 905 2082 954 ,⁰
2136 902 2233 939 xx.
2285 880 2364 938 di.
2447 878 2504 937 A
2549 879 2787 937 cunctis.

482 973 815 1053 Neophytus
836 998 859 1048 ;
887 976 1068 1034 xlviii.
1094 977 1175 1035 di.
1200 978 1518 1045 Quomodo,
1611 977 1858 1055 Corpore
1874 978 2109 1035 vitiatus
2128 998 2150 1047 ;
2181 976 2298 1033 xvi.
2320 975 2451 1033 dist.
2474 993 2573 1051 qu.
2598 974 2633 1031 i.
2660 972 2787 1051 legi.

487 1068 583 1127 De
604 1070 900 1146 illeyitimo
921 1072 1076 1129 thoro
1091 1080 1258 1129 natus
1276 1094 1300 1143 ;
1340 1073 1450 1131 Ex.
1477 1073 1546 1132 de
1568 1071 1647 1130 fil.
1679 1077 1870 1151 presb.
1901 1094 1948 1131 c.
1980 1073 2017 1130 i.
2107 1070 2308 1130 Servus
2326 1091 2349 1141 ;
2390 1069 2501 1128 Ex.
2520 1070 2592 1128 de
2614 1069 2792 1128 servis

485 1184 594 1223 non
638 1165 819 1222 ordin.
845 1186 894 1224 o.
936 1166 975 1223 i.
1004 1174 1065 1224 et
1091 1167 1152 1224 ii.
1239 1166 1531 1243 Obliyatus
1574 1167 1652 1225 ad
1690 1168 1999 1226 ratiocinia
2040 1166 2369 1245 quandoque
2408 1165 2698 1242 repellitur
2725 1164 2797 1220 ab

487 1257 796 1316 ordinibus.

574 1351 674 1409 Ex
690 1353 985 1430 praedictis
1002 1361 1161 1431 patet
1187 1352 1439 1430 diynitas
1467 1354 1743 1413 clericalis
1763 1377 1786 1427 ;
1827 1356 1965 1432 quia
1992 1354 2213 1413 ordines
2239 1374 2350 1412 non
2377 1352 2736 1430 conferuntur
2761 1372 2799 1408 a

490 1446 727 1523 quolibet
749 1469 773 1518 ;
825 1469 923 1505 nec
974 1448 1200 1505 cuilibet
1222 1470 1245 1519 ;
1298 1468 1395 1506 nec
1450 1449 1515 1505 in
1569 1449 1806 1526 quolibet
1860 1450 2016 1522 loco;
2068 1469 2166 1509 nec
2219 1449 2464 1526 qualibet
2508 1447 2601 1505 die
2624 1468 2646 1519 ;
2698 1466 2797 1504 nec

490 1540 733 1617 qualibet
759 1541 896 1600 hora
925 1542 1063 1614 diei,
1093 1541 1188 1600 sed
1217 1550 1454 1620 tempore
1479 1543 1679 1602 missae.

931 1806 1055 1872 DE
1100 1808 1787 1877 CELEBRATIONE
1832 1809 2366 1877 PONTIFIOIS.

584 1977 969 2038 Celebraturus
999 1980 1257 2059 pontifex
1296 1982 1601 2039 missarum
1640 1983 1927 2055 solemnia,
1967 1983 2236 2061 quosdam
2270 1982 2516 2061 psalmos
2552 1989 2602 2041 et
2628 1980 2805 2040 orati-

499 2094 622 2131 ones
650 2095 715 2132 ex
754 2076 1101 2134 institutione
1145 2076 1410 2136 Celestini
1451 2078 1630 2154 Papae
1660 2080 1856 2156 primo
1874 2080 2192 2156 praemittit,
2221 2100 2354 2157 quos
2389 2078 2637 2148 interim,
2666 2076 2806 2135 dum

501 2168 702 2244 caliyis
743 2177 793 2228 et
836 2172 1118 2229 sandaliis
1163 2180 1406 2243 ornetur,
1455 2173 1618 2244 dicet,
1661 2173 1962 2231 seeundum
2009 2175 2442 2231 exhortationem
2489 2172 2813 2231 Psalmistoe

500 2264 753 2338 dicentis,
797 2265 1266 2347 Praeoccupemus
1328 2268 1538 2329 faciem
1587 2271 1716 2349 ejus
1779 2269 1835 2329 in
1900 2269 2269 2340 confessione,
2336 2275 2398 2329 et
2454 2270 2512 2327 in
2574 2266 2816 2346 psalmis

492 2360 817 2439 jubilemus
847 2362 919 2421 ei.

580 2455 673 2514 Hi
697 2476 749 2515 v.
770 2456 990 2534 psalmi
1014 2463 1144 2516 sunt
1171 2458 1274 2533 qui
1300 2456 1422 2516 dici
1447 2458 1637 2517 debent
1655 2479 1679 2532 ,⁶
1718 2460 1820 2518 viz.

592 2552 799 2636 Quam
831 2552 1092 2616 dilecta.
1184 2552 1298 2631 [Ps
1328 2552 1610 2640 lxxxiii]
1701 2553 1928 2619 Gloria
1957 2555 2163 2620 Patri.

595 2656 1003 2720 Benedixisti
1033 2655 1333 2720 Domine.
1427 2656 1541 2736 [Ps
1576 2657 1851 2743 lxxxiv.]
1939 2657 2194 2737 [Gloria
2222 2657 2458 2743 Pau-L]

593 2758 850 2822 Inclina.
878 2757 1180 2820 Domine.
1271 2757 1384 2837 [ΡΒ
1416 2757 1667 2844 lxxxv.]
1756 2757 1982 2824 Gloria
2010 2761 2215 2825 Patri.

593 2861 855 2925 Credidi
889 2865 1160 2943 propter
1191 2860 1381 2944 quod.
1473 2861 1588 2940 [Ps
1618 2866 1786 2947 cxv.]
1878 2861 2105 2926 Gloria
2134 2863 2338 2927 Patri.

596 2964 695 3027 De
728 2963 1090 3046 profundis,
1181 2961 1295 3043 [Ps
1327 2964 1569 3048 cxxix]
1660 2963 1889 3029 Gloria
1919 2966 2123 3029 Patri.

1449 3067 1876 3147 Antiphona.

597 3172 791 3247 Veni,
838 3171 1140 3250 Domine,
1187 3173 1459 3236 visitare
1507 3195 1630 3238 nos
1682 3175 1749 3237 in
1796 3195 1976 3257 paee,
2024 3179 2098 3238 ut
2144 3173 2441 3237 laetemur
2490 3194 2705 3237 eoram
2756 3177 2825 3234 te

509 3278 702 3341 eorde
731 3276 1043 3359 perfeotO.

601 3380 811 3465 Kyrie
844 3379 1113 3444 eleison.
1207 3377 1469 3442 Christe
1502 3379 1771 3443 eleison.
1860 3380 2069 3463 Kyrie
2102 3380 2369 3443 eleison.

599 3487 801 3550 Pater
828 3495 1074 3548 noster.
1164 3483 1254 3547 Et
1283 3505 1365 3546 ne
1396 3504 1537 3547 nos.

600 3587 965 3671 Repleatur
995 3607 1068 3650 os
1101 3607 1317 3648 meum
1348 3585 1542 3650 laude
1569 3610 1585 3662 ;

687 3690 786 3753 Ut
815 3693 1073 3752 cantem
1106 3688 1387 3771 gloriam
1419 3693 1623 3763 tuam,
1656 3686 1954 3752 Domine.

599 3790 897 3866 Domine,
931 3795 1156 3853 averte
1188 3789 1427 3853 faeiem
1457 3796 1641 3853 tuam
1674 3811 1715 3853 a
1745 3791 2034 3873 peccatis
2064 3790 2267 3866 meis;

688 3894 779 3956 Et
809 3914 1037 3956 omnes
1069 3893 1455 3977 iniquitates
1486 3914 1670 3957 meas
1701 3893 1864 3958 dele.

603 3999 733 4063 Cor
765 3996 1075 4060 mundum
1109 4018 1261 4061 crea
1287 3998 1355 4059 in
1388 4019 1511 4073 me,
1545 3999 1767 4075 Deus;

691 4100 780 4163 Et,
813 4100 1112 4183 spiritum
1147 4106 1400 4163 rectum
1438 4100 1681 4165 innova
1712 4102 1778 4164 in
1814 4102 2172 4166 visceribus
2205 4104 2391 4166 meis.

3087 736 3102 978 —..—=
3096 597 3101 658 -
3097 488 3100 496 -
3089 211 3098 435 ----
