3117 5025
498 351 624 463 :388
721 398 814 463 De
853 398 1209 463 Coloribus
1253 399 1814 463 Vestimentorum
1846 400 1919 462 in
1952 396 2142 461 Eccl.
2180 394 2584 459 Exoniensi.

1591 572 1714 637 VI.

579 744 1084 813 Ecclesiastical
1118 746 1397 812 Oolours
1430 747 1789 831 according
1819 752 1890 811 to
1923 745 2037 809 the
2068 744 2211 808 Use
2245 743 2320 806 of
2359 742 2610 806 Exeter
2631 738 2809 801 from

501 849 675 913 MSS
705 850 781 913 of
817 851 933 914 the
976 852 1167 916 xivth
1200 851 1332 915 and
1377 853 1542 914 xvth
1574 849 1906 932 century,
1938 846 2202 928 namely
2237 847 2351 909 the
2397 840 2812 916 Pontificals,

500 943 864 1019 numsseved
912 956 1169 1033 XXVI,
1218 956 1551 1032 XXVIII,
1585 955 1714 1019 and
1761 938 2004 1018 XXIX
2050 955 2117 1015 in
2163 951 2278 1015 the
2323 950 2445 1014 list
2488 949 2685 1033 given
2733 950 2812 1010 at

500 1084 543 1146 p
568 1110 581 1123 .
605 1082 645 1123 x
679 1061 752 1125 of
776 1061 893 1124 the
926 1060 1223 1125 Preface.

574 1265 673 1329 De
692 1266 1030 1331 coloribus
1055 1266 1602 1331 vestimentorum
1623 1263 1985 1329 secundum
2004 1263 2374 1327 Romanam
2392 1260 2798 1336 Ecclesiam,

663 1371 927 1455 quando
970 1378 1039 1436 et
1070 1372 1335 1455 quoties
1366 1393 1484 1456 per
1508 1392 1757 1435 annum
1791 1369 1996 1433 variis
2027 1367 2363 1432 coloribus
2394 1366 2465 1429 in
2495 1364 2803 1429 Ecclesia

686 1474 1006 1538 utendum
1041 1482 1168 1539 est.

630 1579 733 1641 De
764 1579 925 1641 albo
957 1578 1204 1642 colore.

576 1681 792 1746 Albus
824 1681 1006 1746 color
1035 1682 1216 1745 inter
1240 1703 1469 1746 omnes
1500 1682 1759 1746 colores
1792 1685 1897 1745 est
1928 1684 2132 1765 prior,
2158 1679 2406 1764 purior,
2434 1677 2805 1763 simplicior

687 1792 756 1849 et
787 1786 1131 1861 festivior;
1179 1787 1329 1850 ideo
1361 1787 1653 1851 utendus
1685 1790 1812 1863 est,
2326 1850 2331 1857 .

580 1888 661 1952 In
692 1889 798 1952 die
830 1889 1105 1954 Natalis
1137 1890 1407 1953 Domini
1440 1895 1718 1976 propter
1748 1889 2055 1975 Virginis
2085 1894 2350 1974 partum
2379 1910 2393 1950 :

578 1994 665 2057 Et
695 1994 764 2058 in
795 1994 901 2057 die
935 1995 1151 2058 sancti
1183 1994 1224 2058 J
1229 1995 1517 2059 ohannis
1548 1994 2002 2079 Evangelistae
2035 2000 2105 2057 et
2134 1992 2481 2078 Virginis:

585 2099 677 2164 Et
708 2106 900 2164 sexta
928 2101 1035 2164 die
1069 2100 1343 2165 Natalis
1370 2121 1385 2162 :

574 2205 667 2269 Et
699 2205 767 2268 in
799 2205 904 2267 die
939 2204 1482 2269 Circumcisionis
1510 2227 1524 2266 :

576 2309 670 2373 Et
705 2310 773 2372 in
808 2308 1063 2374 Octava
1100 2310 1164 2372 S.
1196 2309 1237 2373 J
1243 2309 1567 2373 ohannis:

583 2414 664 2477 In
695 2413 954 2499 Vigilia
985 2418 1054 2476 et
1084 2414 1152 2490 in
1185 2413 1291 2476 die
1325 2421 1394 2477 et
1424 2434 1545 2498 per
1574 2419 1754 2477 totas
1788 2412 2078 2477 Octavas
2110 2411 2543 2497 Epiphaniae:

579 2519 660 2582 In
695 2518 1184 2594 Purificatione,
1218 2524 1286 2581 et
1328 2519 1638 2582 omnibus
1670 2519 1895 2583 Festis
1929 2508 1998 2582 et
2043 2515 2801 2581 Commemorationibus

693 2628 763 2685 et
794 2621 1066 2686 Octavis
1098 2624 1309 2686 beatae
1342 2623 1579 2687 Mariae
1602 2645 1643 2700 :¹

570 2726 650 2788 In
680 2724 787 2788 die
822 2723 1032 2788 Ooenae
1066 2726 1353 2801 Domini,
1389 2732 1665 2811 propter
1696 2728 2268 2789 consecrationem
2304 2725 2697 2788 chrismatis
2734 2729 2804 2787 et

688 2830 1187 2893 institutionem
1220 2830 1666 2894 Eucharistiae
1700 2835 1770 2894 et
1799 2830 2120 2894 lotionem
2153 2830 2394 2914 pedum
2423 2851 2438 2890 :

583 2933 676 2997 Et
734 2933 803 2996 in
865 2932 1124 3017 Vigilia
1177 2934 1448 2997 Pascbae
1501 2939 1571 2998 et
1616 2955 1736 3019 per
1788 2939 1973 2999 totas
2021 2934 2332 3010 octavas,
2379 2938 2450 2997 et
2500 2933 2806 2996 omnibus

689 3030 1059 3096 Dominicis
1119 3038 1191 3096 et
1249 3034 1466 3097 Feriis
1535 3055 1749 3117 usque
1816 3036 1901 3098 ad
1970 3035 2448 3122 Ascensiohem
2516 3033 2805 3128 Domini,

689 3140 969 3218 propter
997 3141 1277 3200 renatos
1309 3143 1381 3200 et
1410 3137 1727 3222 gaudium
1763 3137 2321 3201 resurrectionis:

587 3240 676 3304 Et
705 3241 773 3303 in
806 3241 912 3305 die
945 3246 1014 3305 et
1042 3262 1164 3326 per
1196 3241 1484 3306 Octavas
1526 3241 1985 3316 Ascensionis,
2019 3247 2298 3326 propter
2326 3241 2497 3305 duos
2529 3240 2710 3304 viros
2741 3241 2809 3304 in

693 3344 868 3411 albis
901 3345 1345 3409 assistentes:

587 3448 679 3512 Et
729 3449 798 3511 in
846 3448 1045 3512 Festo
1093 3448 1494 3512 Nativitatis
1544 3449 1760 3512 sancti
1814 3448 2144 3512 Johannis
2198 3448 2520 3533 Baptistae
2575 3453 2641 3511 et
2689 3470 2810 3532 per

692 3551 981 3617 Octavas
1011 3551 1329 3634 ejusdem,
1362 3557 1637 3638 propter
1668 3553 1815 3635 ejus
1848 3553 2244 3616 munditiam
2271 3575 2285 3614 :

584 3655 675 3721 Et
719 3656 788 3719 in
834 3657 1038 3720 Festo
1087 3663 1158 3720 et
1201 3678 1322 3741 per
1365 3656 1656 3721 Octavas
1703 3657 2167 3732 Eucharistiae,
2210 3657 2367 3740 quia
2412 3656 2663 3720 candor
2707 3662 2813 3720 est

691 3760 865 3825 lucis
898 3768 1198 3825 aeternae:

582 3864 671 3927 Et
700 3865 766 3927 in
799 3865 903 3928 die
940 3865 1196 3928 Sanctae
1230 3865 1623 3929 Trinitatis:

585 3969 670 4031 Et
701 3968 769 4030 in
802 3968 1025 4032 Festis
1058 3967 1471 4053 Angelorum
1506 3973 1576 4032 et
1606 3967 1966 4056 Virginum
1995 3991 2010 4032 ε

580 4071 672 4135 Et
693 4072 1057 4136 secundum
1084 4074 1450 4137 Romanam
1473 4072 1828 4136 Curiam-in
1854 4073 2057 4137 Festo
2080 4073 2373 4137 omnium
2410 4072 2808 4137 Sanctorum

688 4176 861 4240 albis
894 4180 998 4240 est
1028 4176 1347 4240 utendum
1374 4199 1389 4238 :

580 4281 679 4344 Ac
725 4280 927 4344 etiam
970 4279 1040 4343 in
1087 4279 1521 4354 Dedicatione
1555 4279 1871 4344 Ecclesiae
1917 4286 1986 4345 et
2030 4301 2151 4364 per
2200 4280 2489 4346 Octav'as
2530 4288 2809 4365 propter

688 4385 960 4468 nuptias
995 4383 1246 4448 Christi
1280 4389 1349 4447 et
1379 4383 1720 4449 Ecclesiae.
