3117 5025
478 408 609 473 206
1306 414 1396 480 In
1433 416 1643 481 Goena
1674 416 1978 481 Domini.

475 614 753 679 odorum
796 618 1107 683 conficiat
1150 618 1475 697 balsama,
1508 627 1582 686 et
1625 642 1709 686 ea
1751 620 1901 685 oleo
1949 622 2502 687 sanctificationis
2546 622 2801 702 bene>1<

471 717 749 782 dicendo
780 720 1161 804 profundat,
1193 743 1273 787 ac
1302 724 1656 807 utriusque
1687 723 2004 788 elementi
2036 725 2531 803 commixtione,
2564 726 2801 792 saluti-

468 823 685 886 ferum
716 823 1021 906 perficiat
1050 825 1346 889 chrisma
1376 825 1443 888 in
1476 827 1892 892 credentium
1925 827 2388 893 salvationem.
2480 829 2792 910 Sancti-1⁴

470 927 614 1000 fica,
662 947 1059 1010 quaesumus,
1090 928 1374 993 Domine
1416 928 1622 1006 Deus,
1655 931 1828 996 hanc
1868 930 1997 996 olei
2042 937 2110 997 et
2149 931 2433 997 balsami
2472 935 2788 1000 confecti·

471 1049 689 1105 onem,
738 1028 1035 1094 Deitatis
1089 1037 1218 1096 tuse
1280 1032 1878 1110 benedictionibus,
1931 1054 2062 1116 quo
2122 1034 2447 1099 divinitus
2499 1034 2794 1098 chrisma

469 1131 710 1196 salutis
755 1135 1089 1210 effectum,
1122 1134 1245 1199 tibi
1287 1141 1564 1200 renatos
1594 1137 1663 1200 in
1711 1157 1897 1220 spem
1932 1136 2170 1214 vivam,
2203 1136 2380 1202 filios
2409 1136 2792 1220 adoptionis

466 1256 831 1321 exsurgere
859 1236 1068 1302 faciat
1097 1237 1166 1301 in
1197 1237 1569 1303 novitatem
1601 1238 1892 1304 coelestis
1930 1239 2483 1326 regenerationis.
2572 1239 2791 1304 Redo-

460 1338 603 1404 leat
654 1341 798 1416 hoc,
850 1340 1156 1418 Domine,
1211 1342 1703 1407 sanctificatum
1756 1342 2050 1408 chrisma
2101 1343 2172 1406 in
2223 1342 2600 1408 divinitatis
2652 1347 2784 1406 tuae

464 1449 845 1528 conspectu,
877 1448 1193 1509 nectareo
1224 1443 1538 1530 angelicae
1571 1444 1939 1510 dulcedinis
1984 1445 2476 1510 oblectamento
2502 1469 2543 1521 ;>
2568 1445 2791 1529 sitque

465 1547 793 1611 medicina
839 1546 1234 1632 spiritualis,
1265 1548 1603 1632 reparat-io
1639 1547 1872 1612 animae
1918 1551 1988 1611 et
2019 1548 2338 1631 corporis,
2369 1569 2446 1612 ac
2480 1548 2785 1633 ‚Spiritus

466 1648 696 1714 Sancti
756 1649 1071 1735 largiflua
1129 1650 1604 1714 charismatum
1667 1650 2024 1727 infusione,
2077 1651 2386 1715 omnibus
2448 1652 2739 1716 salubris
2765 1675 2782 1728 ;

455 1755 806 1836 cunctique
830 1753 955 1816 hac
981 1772 1171 1816 sacra
1194 1753 1505 1818 unctione
1530 1752 1814 1817 delibuti
1837 1752 2023 1838 digni
2046 1758 2305 1818 aeternae
2328 1752 2772 1836 jocunditatis

459 1856 821 1941 participes
867 1855 1274 1919 efficiantur:
1319 1875 1441 1939 per
1471 1855 1755 1919 eundem
1802 1855 2126 1939 Spiritum
2177 1855 2515 1933 Sanctum,
2548 1857 2662 1941 qui
2709 1858 2779 1920 in

458 1967 526 2024 te
559 1965 630 2024 et
657 1959 726 2022 in
759 1959 962 2023 Patre
992 1978 1292 2034 manens,
1323 1958 1393 2021 in
1440 1963 1723 2042 utroque
1754 1958 1924 2024 vivit
1953 1965 2023 2024 et
2067 1963 2327 2044 regnat,
2357 1959 2563 2025 Deus.
2652 1961 2785 2026 Per

459 2062 684 2127 omnia
714 2059 957 2126 saecula
988 2059 1397 2125 saeculorum.

547 2165 987 2249 Omnipotens
1018 2168 1089 2229 et
1118 2162 1813 2248 incomprehensibilis
1843 2162 2030 2228 Deus
2061 2163 2283 2241 Pater,
2309 2164 2422 2249 qui
2454 2164 2784 2250 Unigeni-

456 2273 599 2333 tum
631 2274 823 2332 tuum
855 2272 1013 2332 ante
1060 2265 1296 2331 saecula
1325 2265 1447 2330 tibi
1494 2271 1892 2331 coaeternum
1924 2266 2008 2330 ad
2057 2273 2271 2332 terras
2302 2267 2680 2346 destinasti,
2712 2274 2784 2333 et

458 2370 941 2455 amplissimam
971 2390 1093 2453 per
1113 2369 1336 2454 ipsum
1365 2368 1655 2454 gratiam
1678 2369 1924 2434 mundo
1956 2369 2322 2447 contulisti,
2347 2391 2542 2454 quem
2575 2370 2779 2435 etiam

456 2474 603 2540 oleo
635 2477 890 2550 sancto,
919 2471 1067 2537 oleo
1095 2471 1332 2559 regali,
1366 2471 1517 2538 oleo
1564 2471 1970 2550 chrismatis,
2003 2492 2137 2557 pree
2184 2473 2606 2539 consortibus
2637 2474 2778 2539 suis

455 2578 725 2663 dignius
754 2576 1151 2662 perunxisti,
1183 2576 1361 2640 utin
1406 2575 1758 2659 prophetis
1801 2576 2107 2640 omnibus
2152 2581 2224 2640 et
2263 2576 2538 2661 regibus
2570 2583 2773 2661 atque

455 2679 915 2746 sacerdotibus
933 2678 1264 2742 neminem
1286 2678 1569 2742 haberet
1591 2676 2018 2761 co·aequalem
2042 2698 2059 2753 ;
2109 2676 2228 2741 sed
2249 2678 2435 2743 solus
2461 2682 2775 2758 sanctior,

452 2785 636 2849 solus
688 2783 1063 2869 perfectior,
1119 2802 1254 2866 prae
1305 2781 1467 2846 filiis
1519 2781 1862 2846 hominum
1924 2780 2362 2857 subsisteret3
2424 2804 2467 2847 a
2515 2804 2646 2867 quo
2698 2790 2772 2849 et

447 2888 602 2951 huic
655 2884 962 2949 materiei
1010 2904 1253 2948 nomen
1304 2883 1633 2960 indixisti,
1682 2883 1839 2947 dum
1890 2903 1933 2947 a
1984 2882 2255 2947 Christo
2306 2888 2425 2947 tuo
2477 2883 2764 2951 Domino

449 2993 679 3052 nostro
710 2986 1003 3050 chrisma
1030 2987 1465 3063 consecrasti,
1496 2991 1569 3051 et
1597 2985 1983 3050 chrismatis
2015 2986 2330 3051 unctione
2363 3007 2488 3050 nos
2519 2987 2774 3054 coelesti

444 3092 587 3156 vita
610 3088 999 3174 participari
1024 3088 1318 3165 voluisti,
1338 3109 1459 3175 per
1483 3088 1764 3152 eundem
1787 3087 1830 3152 J
1835 3107 2019 3151 esum
2047 3086 2388 3154 Christum
2411 3089 2767 3157 Dominum

447 3202 793 3269 nostrum3
840 3199 937 3268 tu,
982 3190 1289 3268 Domine,
1321 3192 1524 3256 Pater
1569 3191 2013 3276 omnipotens,
2062 3211 2263 3277 super
2306 3193 2432 3258 hoc
2475 3194 2766 3261 chrisma

450 3317 804 3384 supernam
838 3294 1261 3362 divinitatis..
1296 3342 1310 3359 .
1347 3342 1362 3358 .
