3117 5025
1049 399 1454 465 Benedictio
1499 398 1886 483 Viryinum.
2503 398 2635 464 343

391 596 783 662 Consecratio.

392 694 488 759 'I'e
534 696 950 776 invocamus,
997 697 1309 775 Domine,
1360 706 1595 766 sancte
1642 701 1867 778 Pater,
1912 698 2339 782 omnipotens
2380 704 2635 764 aeterne

301 795 508 874 Deus,
558 818 764 883 super
806 801 984 865 hanc
1031 801 1360 866 famulam
1408 807 1597 866 tuam
1651 803 1758 867 ill.
1814 824 1959 887 quae
2003 801 2130 866 tibi
2177 799 2326 865 vult
2372 802 2629 866 servire

298 920 474 983 pura
517 907 744 967 mente
790 904 1173 988 mundoque
1219 904 1440 980 corde,
1482 910 1559 970 ut
1606 926 1756 969 eam
1804 904 2064 970 sociare
2111 903 2411 988 digneris
2456 903 2638 969 inter

304 1002 424 1068 illa
456 1008 724 1069 centum
757 1006 1213 1091 quadraginta
1237 1013 1530 1091 quatuor
1560 1008 1776 1073 millia
1806 1007 2138 1070 infantum
2166 1028 2311 1090 quae
2337 1007 2639 1092 virgines

302 1115 839 1191 permanserunt,
872 1115 943 1175 et
987 1130 1059 1173 se
1093 1131 1242 1174 cum
1278 1111 1678 1175 mulieribus
1725 1132 1858 1174 non
1902 1110 2530 1193 coinquinaverunt,
2562 1111 2631 1174 in

304 1230 585 1294 quorum
640 1232 756 1276 ore
802 1211 997 1276 dolus
1051 1213 1374 1278 inventus
1420 1235 1552 1278 non
1608 1219 1754 1294 es‘t3
1805 1214 1905 1278 ita
1957 1217 2025 1278 et
2079 1214 2252 1277 hanc
2305 1213 2630 1278 famulam

302 1317 492 1378 tuam
536 1315 750 1380 facias
799 1337 1193 1401 permanere
1240 1317 1743 1382 immaculatam
1788 1338 2003 1401 usque
2058 1316 2144 1382 ad
2188 1316 2412 1381 finem.
2501 1319 2634 1383 Per

301 1417 806 1484 immaculatum
839 1419 1200 1484 Dominum
1232 1425 1541 1485 nostrum
1573 1421 1615 1485 J
1619 1441 1805 1485 esum
1837 1421 2208 1485 Christum.
2297 1420 2464 1487 Cum
2497 1443 2629 1505 quo

298 1522 473 1586 vivis
507 1529 576 1588 et
607 1545 855 1609 regnas
885 1523 1071 1589 Deus
1103 1545 1225 1609 per
1256 1527 1479 1590 omnia
1512 1525 1753 1590 saecula
1788 1525 2201 1590 saeculorum.

389 1625 561 1683 Alia.

389 1721 596 1797 Deus,
623 1726 966 1786 castorum
992 1743 1346 1807 corporum
1377 1724 1712 1808 benignus
1743 1723 2162 1788 inhabitator
2185 1728 2255 1788 et
2285 1723 2631 1808 incorrup-

301 1830 524 1890 tarum
595 1831 861 1890 amator
935 1826 1353 1903 animarum3
1418 1828 1533 1910 qui
1600 1829 1964 1891 humanam
2034 1828 2487 1892 substantiam
2557 1828 2628 1891 in

301 1928 537 2013 primis
568 1927 953 1991 hominibus
985 1929 1322 1994 diabolica
1352 1929 1590 1993 fraude
1635 1930 1969 2006 vitiatam,
1998 1929 2099 1994 ita
2128 1930 2196 1992 in
2228 1929 2457 1995 Verbo
2490 1942 2631 2007 tue,

305 2051 430 2115 per
483 2031 661 2114 quod
710 2032 936 2096 omnia
980 2031 1165 2097 facta
1211 2038 1388 2109 sunt,
1435 2052 1734 2117 reparas,
1778 2038 1859 2097 ut
1904 2053 2051 2096 eam
2099 2053 2231 2096 non
2283 2033 2499 2096 solum
2548 2035 2634 2098 ad

302 2134 531 2220 primae
558 2134 841 2219 originis
872 2133 1324 2199 innocentiam
1345 2156 1647 2211 revoces,
1671 2135 1787 2199 sed
1810 2135 2015 2199 etiam
2040 2134 2124 2199 ad
2150 2136 2636 2218 experientiam

307 2238 725 2324 quorundam
774 2240 1101 2301 bonorum
1151 2259 1296 2322 quae
1329 2239 1399 2301 in
1445 2260 1620 2303 novo
1654 2236 1894 2302 soeculo
1943 2242 2102 2302 sunt
2148 2238 2459 2302 habenda
2486 2259 2638 2321 per-

304 2344 536 2418 ducaS,
601 2347 671 2405 et
732 2342 1095 2406 obstrictos
1157 2342 1377 2406 adhuc
1439 2342 1823 2407 conditione
1886 2340 2293 2417 mortalium,
2348 2342 2491 2426 jam
2553 2341 2638 2405 ad

312 2445 825 2510 similitudinem
874 2445 1192 2530 provehis
1247 2445 1684 2531 angelorum3
1739 2445 2019 2530 respice,
2074 2443 2382 2522 Domine,
2438 2465 2644 2530 super

315 2553 489 2615 hanc
545 2549 869 2614 famulam
924 2555 1112 2613 tuam
1159 2549 1269 2613 icl.
1328 2570 1471 2633 quae
1525 2550 1652 2614 tibi
1702 2549 2121 2612 devotionem
2177 2569 2366 2613 suam
2422 2550 2644 2625 offert,

318 2676 361 2719 a
395 2651 538 2737 'quo
583 2657 654 2716 et
694 2653 842 2738 ipsa
884 2652 1060 2715 idem
1106 2658 1338 2717 votum
1389 2653 1696 2737 sumpsit.
1790 2651 1896 2715 Sit
1938 2652 2006 2713 in
2053 2673 2154 2727 ea,
2187 2651 2494 2728 Domine,
2527 2673 2651 2736 per

317 2758 566 2821 donum
604 2756 898 2839 Spiritus
946 2756 1046 2820 tui
1080 2776 1197 2819 cor
1228 2755 1524 2840 prudens
1557 2754 1907 2831 modestia,
1943 2754 2212 2839 sapiens
2243 2755 2650 2840 benignitas,

318 2859 648 2945 gravitas,
681 2857 958 2935 lenitas,
990 2863 1182 2921 casta
1227 2857 1551 2934 libertas3
1599 2857 1865 2921 ferveat
1909 2858 1978 2919 in
2025 2857 2333 2933 caritate,
2367 2864 2436 2921 et
2480 2857 2652 2920 nihil

320 2969 518 3028 extra
549 2968 615 3026 te
649 2961 917 3047 diligat,
943 2961 1513 3046 laudabiliterque
1545 2963 1754 3039 vivat,
1780 2967 1852 3027 et
1880 2962 2140 3026 laudari
2172 2983 2303 3026 non
2338 2968 2656 3048 appetat;

318 3072 390 3132 te
437 3066 695 3141 timeat,
727 3066 852 3129 tibi
885 3086 1114 3130 amore
1149 3066 1446 3143 serviat;
1494 3071 1574 3130 tu
1604 3066 1666 3130 ei
1696 3067 1934 3142 honor,
1965 3071 2043 3130 tu
2074 3067 2432 3150 gaudium3
2479 3073 2555 3132 tu
2587 3066 2658 3129 in

324 3189 607 3234 moerore
655 3168 993 3245 solatium,
1025 3174 1103 3233 tu
1152 3170 1221 3232 in
1270 3171 1714 3255 ambiguitate
1762 3170 2135 3245 consilium,
2180 3177 2256 3235 tu
2302 3171 2373 3233 in
2418 3171 2666 3255 injuria

326 3272 651 3347 defensio,
683 3272 753 3334 in
798 3272 1239 3336 tribulatione
1282 3274 1637 3357 patientia,
1667 3273 1735 3335 in
1784 3277 2186 3357 paupertate
2233 3272 2665 3346 abundantia,

328 3378 397 3440 in
415 3375 678 3460 jejunio
704 3378 913 3453 cibuS,
934 3378 1003 3439 in
1029 3377 1426 3442 infirmitate
1448 3377 1797 3440 medicina.
1891 3375 2020 3438 Per
2041 3379 2133 3449 te,
2155 3394 2350 3457 quem
2376 3374 2660 3459 diligere

328 3500 533 3564 super
563 3480 788 3544 omnia
819 3480 1100 3565 appetit,
1134 3480 1309 3564 quod
1343 3485 1448 3550 est
1472 3478 1780 3563 professa
1804 3477 2164 3551 custodiat,
2190 3481 2266 3539 ut
2299 3481 2368 3540 et
2396 3476 2662 3541 hostem

322 3583 676 3665 antiquum
699 3583 1033 3659 devincat,
1056 3588 1128 3646 et
1163 3583 1481 3646 vitiorum
1514 3582 1866 3666 squalores
1899 3584 2270 3664 expurget3
2319 3586 2656 3661 quatenus

331 3687 686 3752 centesimi
748 3688 1013 3751 fructus
1081 3688 1255 3751 dono
1326 3686 1741 3771 virginitatis
1809 3683 2132 3758 decorari,
2195 3683 2658 3765 virtutumque

330 3789 763 3872 lampadibus
826 3792 1160 3868 exornari,
1222 3796 1291 3855 et
1346 3790 1714 3854 electarum
1778 3795 2047 3854 tuarum
2103 3785 2440 3871 virginum
2504 3806 2661 3849 con-

334 3892 566 3967 sortio,
602 3897 668 3955 te
702 3893 1014 3972 donante,
1049 3898 1395 3959 mereatur
1430 3893 1628 3959 uniri.
1718 3893 1870 3957 Per.
