3117 5025
485 437 612 505 178
1120 439 1644 505 Benedictiones
1675 428 2152 516 Episcopales.

560 640 641 701 In
667 640 889 703 Aatali
903 643 1303 723 plurimarum
1330 641 1647 720 viminum.

566 837 1006 925 Omnipotens
1062 839 1414 916 Dominus,
1474 835 2046 903 intercedentibus
2105 828 2359 897 sanctis
2419 823 2802 911 virginibus

480 940 624 1005 suis
652 963 773 1006 vos
803 941 1121 1029 dignetur
1153 936 1564 1018 benedicer'e,
1596 940 1713 1025 qui
1742 938 1824 1002 de
1855 936 2133 1020 antiquo
2165 933 2362 996 hoste
2408 949 2543 992 non
2575 926 2794 991 solum

482 1063 604 1127 per
668 1044 870 1125 viros,
937 1067 1171 1111 verum
1238 1045 1443 1112 etiam
1502 1063 1625 1130 per
1695 1041 2003 1107 foeminas
2069 1036 2286 1102 voluit
2349 1029 2795 1115 triumphare.

485 1146 723 1213 Amen.

566 1247 659 1312 Et
703 1249 818 1333 qui
863 1250 1005 1315 illis
1049 1249 1264 1315 voluit
1307 1247 1659 1317 centesimi
1691 1249 1729 1288 ²*
1759 1246 2025 1312 fructus
2067 1240 2316 1306 donum
2359 1239 2796 1319 decoremque

482 1348 809 1428 conferre,
838 1371 961 1417 vos
1008 1349 1323 1436 dignetur
1368 1355 1438 1415 et
1477 1350 1795 1415 vitiorum
1831 1344 2260 1432 squaloribus
2289 1358 2689 1426 expurgare,
2722 1341 2795 1402 et

478 1451 806 1517 virtutum
835 1454 1258 1538 lampadibus
1290 1473 1641 1517 exornare.
1731 1452 1968 1518 Amen.

566 1553 909 1638 Quatenus
954 1557 1281 1621 virtutum
1324 1555 1471 1620 oleo
1502 1556 1606 1621 ita
1649 1560 1994 1640 pectorum
2023 1554 2401 1615 vestrorum
2446 1544 2795 1630 lampades

480 1657 746 1741 possint
791 1658 1061 1743 repleri,
1091 1665 1170 1725 ut
1212 1678 1365 1725 cum
1395 1659 1495 1723 eis
1525 1658 1757 1744 sponsi
1786 1655 2160 1737 thalamum
2190 1649 2476 1716 valeatis
2505 1646 2788 1734 ingredi.

480 1760 719 1825 Amen.

567 1861 758 1947 Quod
786 1861 955 1949 ipse.

560 2063 900 2126 Benedictio
926 2066 996 2128 de
1021 2087 1346 2147 quocunque
1372 2069 1641 2147 apostolo.

564 2262 1060 2330 Benedictionis
1106 2284 1407 2349 supernae
1451 2264 1645 2330 vobis
1689 2285 1884 2349 opem
1938 2262 2154 2328 sancti
2198 2260 2288 2326 N.
2334 2256 2624 2345 apostoli
2671 2256 2792 2321 im-

469 2371 696 2451 petret
717 2367 957 2443 oratio,
978 2366 1081 2450 cuj
1092 2389 1171 2432 us
1191 2368 1570 2432 honorificae
1588 2368 1925 2453 passionis
1944 2366 2140 2431 hodie
2165 2363 2424 2430 vacatis
2448 2362 2791 2445 obsequio,

475 2469 740 2534 veniam
773 2469 950 2556 apud
978 2470 1194 2537 Deum
1237 2471 1531 2557 peccatis
1565 2472 1812 2539 vestris
1844 2472 2155 2538 obtinens
2184 2468 2296 2534 hic
2340 2471 2411 2531 et
2439 2466 2509 2530 in
2541 2466 2792 2531 futuro.

480 2572 718 2636 Amen.

564 2673 823 2759 Quique
868 2696 911 2740 a
956 2674 1098 2740 Deo
1144 2675 1546 2761 dignitatem
1592 2675 1944 2762 apostolici
1991 2674 2282 2760 sumpsit
2322 2671 2624 2747 honoris,
2668 2691 2791 2734 vos

476 2780 881 2844 auct-oritate
914 2780 1287 2866 apostolica
1316 2781 1617 2844 universi
1648 2781 1958 2846 absolvat
1986 2801 2166 2844 nexu
2195 2776 2514 2852 criminis,
2547 2781 2618 2839 et
2646 2772 2790 2840 Deo

473 2881 895 2967 constringat
927 2902 1047 2946 suo
1079 2886 1356 2968 precatu
1387 2883 1631 2947 foedere
1663 2884 2100 2949 sanctissimae
2131 2879 2461 2947 caritatis.
2549 2877 2786 2943 Amen.

457 2979 462 2984 ’
561 2983 749 3067 Quod
779 2983 948 3068 ipse.

551 3184 884 3245 Benedictio
910 3184 979 3244 de
1005 3207 1329 3266 quocunque
1356 3191 1716 3267 evangelista.

556 3366 874 3430 Precibus
915 3368 1097 3432 beati
1143 3367 1230 3432 N.
1265 3369 1697 3455 evangelistae
1745 3390 1947 3455 super
1988 3390 2109 3434 vos
2152 3368 2476 3434 Dominus
2523 3369 2783 3454 copiam

471 3491 604 3535 suae
635 3470 1114 3535 benedictionis
1136 3470 1464 3549 infundat,
1491 3479 1560 3537 et
1591 3478 1832 3537 cuncta
1855 3472 2063 3537 saluti
2088 3477 2324 3535 vestrae
2354 3470 2787 3536 adversantia

473 3600 516 3641 a
543 3577 734 3641 vobis
764 3576 1169 3662 propitiatus
1199 3576 1533 3642 excludat.
1623 3578 1859 3642 Amen.

556 3679 649 3742 Et
678 3680 792 3762 qui
835 3677 936 3740 illi
968 3678 1297 3742 concessit
1340 3679 1736 3763 praedicandi
1781 3677 2087 3755 officium,
2121 3676 2442 3741 concedat
2485 3676 2674 3741 vobis
2705 3684 2785 3742 ut

471 3782 620 3865 ejus
649 3779 720 3842 in
753 3777 914 3843 coelo
949 3800 1214 3866 semper
1244 3781 1550 3845 habeatis
1583 3780 2013 3845 consortium.
2102 3781 2341 3843 Amen.

550 3882 893 3966 Quatenus
917 3880 1099 3945 illius
1124 3883 1409 3947 salutari
1433 3884 1737 3948 doctrina
1766 3882 2032 3959 eruditi,
2058 3882 2154 3946 sic
2184 3882 2430 3946 vivatis
2452 3881 2524 3944 in
2554 3884 2779 3960 terris,

469 3992 546 4051 ut
588 3987 742 4070 post
784 3982 957 4046 hanc
1001 3984 1209 4051 vitam
1243 3984 1636 4051 Creatorem
1676 3992 1978 4051 vestrum
2025 3984 2169 4049 sine
2200 3984 2330 4047 fine
2375 3984 2668 4050 laudetis
2709 3987 2778 4050 in

467 4085 672 4153 coelis.
761 4084 995 4149 Amen.

553 4187 739 4273 Quod
770 4187 934 4271 ipse.

462 4361 492 4394 ἢ*
531 4356 638 4412 MS
659 4355 870 4410 aeterni.
