3117 5025
553 343 680 408 134
1298 346 1708 411 Benedictio
1744 346 2134 428 Campana.

638 547 755 614 Pe.
842 547 1145 614 Lauda-te
1176 547 1535 613 Dominum
1568 547 1878 632 quoniam
1908 549 2144 613 bonus.
2474 548 2611 629 [ΡΒ.
2644 548 2878 637 cxlvi]

637 651 755 716 Pa.
840 650 1075 716 Lauda
1103 650 1561 715 Hierusalem.
2439 650 2577 731 [Ps.
2611 650 2874 737 cxlvii.]

634 755 754 819 Pa.
842 754 1146 820 Laudate
1181 753 1538 817 Dominum
1569 748 1652 815 de
1684 746 1887 816 coelis.
2413 752 2554 833 [ΡΒ.
2587 753 2874 833 cxlviii]

637 856 756 920 Po.
846 855 1133 920 Caritate
1165 853 1452 919 Domino
1485 855 1818 919 canticum
1850 876 2116 920 novum.
2469 854 2604 935 [ΡΒ.
2638 856 2875 943 cxlix.]

636 958 754 1021 Pe.
845 956 1148 1022 Laudate
1180 955 1540 1020 Dominum
1574 956 1643 1019 in
1675 957 1951 1020 sanctis.
2580 956 2715 1038 [ΡΒ.
2752 958 2871 1037 cl.]

639 1081 787 1124 cum
819 1059 948 1123 hac
979 1059 1385 1140 antiphona.

638 1161 719 1225 In
747 1161 1021 1225 civitate
1053 1160 1320 1225 Domini
1366 1159 1547 1224 clare
1581 1162 1825 1225 sonant
1844 1158 2106 1246 jugiter
2149 1181 2406 1246 organa
2450 1169 2886 1229 sanctorum:
3012 1190 3018 1196 ’

547 1265 642 1329 ibi
672 1264 1068 1329 cinnamomi
1098 1269 1170 1328 et
1197 1262 1483 1329 balsami
1515 1263 1680 1326 odor
1725 1263 2162 1327 suavissimus
2194 1260 2307 1347 qui
2352 1264 2437 1328 ad
2469 1263 2685 1330 Deum
2726 1284 2882 1352 per-

550 1367 766 1433 tinet:
812 1367 905 1432 ibi
951 1366 1176 1451 angeli
1221 1371 1293 1431 et
1334 1365 1727 1451 archangeli
1765 1366 2081 1451 hymnum
2126 1364 2269 1431 Deo
2313 1367 2678 1434 decantant
2721 1377 2884 1435 ante

552 1470 799 1534 sedem.
889 1468 1218 1552 Alleluya.

633 1569 719 1628 Et
756 1570 896 1628 dum
926 1569 1147 1648 psalmi
1176 1567 1448 1648 proedicti
1486 1575 1813 1639 cantantur,
1844 1574 2162 1645 merqatur
2200 1570 2489 1628 vasculum
2533 1568 2662 1630 bene
2702 1568 2877 1632 linteo

550 1665 708 1723 intus
734 1673 786 1724 ct
812 1673 988 1723 extra.

631 1758 917 1836 Sequatur
942 1757 1145 1817 oratio.

637 1853 843 1929 Deus,
877 1854 989 1938 qui
1024 1873 1142 1938 per
1173 1853 1455 1937 Moysen
1485 1849 1866 1937 legiferum,
1900 1850 2100 1915 tubas
2131 1857 2488 1937 argenteas
2520 1854 2665 1919 fieri
2711 1878 2876 1940 prae-

554 1955 811 2041 cepisti,
844 1977 1014 2040 quas
1044 1955 1199 2018 dum
1230 1952 1481 2018 Levitae
1525 1960 1828 2036 tempore
1861 1952 2172 2017 sacrificii
2213 1953 2624 2039 clangerent,
2657 1959 2883 2022 sonitu

553 2057 925 2122 dulcedinis
956 2055 1244 2142 populus
1290 2055 1589 2119 monitus
1634 2054 1720 2119 ad
1750 2059 1818 2118 te
1866 2054 2188 2119 orandum
2236 2055 2428 2122 fieret
2469 2068 2885 2143 praeparatus

556 2181 837 2245 quarum
883 2160 1199 2246 clangore
1245 2159 1566 2222 hortatus
1617 2156 1702 2221 ad
1750 2155 1997 2220 bellum
2043 2158 2388 2243 magnalia
2429 2168 2889 2243 prosterneret

555 2263 1101 2338 adversantium3
1146 2268 1395 2348 praesta
1440 2266 1516 2325 ut
1559 2260 1688 2324 hoc
1732 2260 2080 2323 vasculum
2127 2260 2423 2326 ecclesioe
2466 2270 2598 2327 tuae
2642 2285 2891 2350 praepa-

556 2377 780 2433 ratum
813 2365 1352 2453 sanctifflficetur
1390 2364 1616 2451 gratia
1663 2363 1893 2427 Sancti
1927 2362 2242 2447 Spiritus,
2274 2371 2354 2429 ut
2397 2365 2887 2433 interveniente

558 2475 789 2535 sancto
819 2469 908 2535 N.
939 2489 1061 2555 per
1088 2468 1275 2532 illius
1308 2467 1601 2533 sonitum
1631 2464 1865 2530 fideles
1909 2465 2283 2531 invitentur
2311 2467 2397 2533 ad
2427 2469 2789 2554 praemium,
2821 2478 2892 2538 et

558 2595 707 2639 cum
750 2571 1040 2636 melodia
1081 2571 1267 2635 illius
1310 2570 1588 2636 auribus
1631 2569 2006 2633 insonuerit
2048 2568 2469 2654 populorum,
2512 2579 2774 2638 crescat
2819 2576 2890 2638 in

557 2676 658 2739 eis
717 2674 984 2739 devotio
1044 2672 1241 2751 fidei3
1309 2671 1542 2757 procul
1610 2670 1953 2755 pellantur
2010 2691 2240 2735 omnes
2306 2673 2561 2739 insidiae
2616 2676 2892 2755 inimici,

557 2778 789 2863 fragor
830 2775 1256 2861 grandinum,
1287 2774 1586 2858 procella
1631 2772 1996 2849 turbinum,
2027 2773 2319 2858 impetus
2366 2782 2891 2861 tempestatum3

559 2882 1020 2962 temperentur
1063 2877 1315 2940 infesta
1350 2877 1671 2950 tonitrua,
1701 2881 2055 2937 ventorum
2085 2876 2300 2941 flabra
2327 2877 2496 2941 fiant
2524 2880 2892 2946 salubriter

560 3000 642 3044 ac
671 2978 1015 3042 moderate
1050 2998 1402 3062 suspensa,
1425 2983 1942 3061 prosternantur
1971 2997 2182 3040 aereae
2210 2983 2589 3060 potestates
2615 2981 2896 3048 dextera

562 3086 694 3145 tuse
721 3079 1019 3155 virtutis,
1052 3085 1124 3143 et
1154 3099 1384 3143 omnes
1431 3076 1755 3142 immundi
1786 3077 2069 3161 spiritus
2111 3078 2236 3141 hoc
2266 3079 2619 3146 audientes
2662 3084 2894 3149 tintin-

562 3180 907 3258 nabulum,
951 3184 1365 3245 tremescant
1412 3191 1482 3244 et
1527 3179 1794 3264 fugiant
1843 3177 2037 3260 quasi
2086 3184 2242 3242 ante
2290 3181 2508 3245 crucis
2556 3185 2892 3254 vexillum.

561 3284 842 3360 Praesta,
904 3303 1306 3368 quaesumus,
1367 3281 1560 3347 nobis
1620 3282 1793 3344 hanc
1850 3281 2162 3364 gratiam,
2223 3279 2507 3348 Domine
2566 3284 2771 3365 Deus,
2827 3297 2897 3355 et

562 3388 779 3453 omnis
846 3386 1082 3473 lingua
1151 3386 1575 3460 confiteatur,
1636 3383 1797 3467 quia
1853 3389 1952 3459 tu,
2012 3381 2340 3448 Dominus
2405 3395 2639 3453 noster
2693 3390 2895 3457 Jesus

564 3490 901 3566 Christus,
957 3489 1281 3571 absorpta
1339 3492 1553 3551 morte
1618 3505 1736 3569 per
1794 3484 2170 3568 patibulum
2232 3488 2472 3565 crucis,
2524 3510 2769 3576 regnas
2827 3495 2895 3558 in

563 3593 786 3679 gloria
829 3591 957 3657 Dei
1000 3591 1228 3657 Patris
1273 3612 1422 3654 cum
1466 3588 1714 3654 Sancto
1766 3587 2018 3673 Spiritu
2063 3609 2184 3672 per
2228 3592 2452 3656 omnia
2496 3594 2736 3661 saecula
2780 3618 2894 3661 sae-

562 3695 885 3760 culorum.

650 3797 862 3855 Finita
901 3795 1174 3865 oratione,
1217 3793 1382 3851 liniet
1421 3792 1710 3869 episcopus
1758 3791 1927 3850 illam
1970 3812 2313 3871 campanam
2351 3796 2654 3857 chrismate
2700 3805 2894 3879 septies

563 3895 771 3973 deforis
799 3902 849 3954 et
875 3893 1102 3951 deintus
1127 3899 1395 3968 quattuor
1421 3889 1657 3960 vicibus,
1689 3890 1944 3948 dicendo.

655 3986 1192 4066 Consecfflretur
1259 3990 1329 4049 et
1401 3984 1945 4065 sanctiffificetur
2003 3986 2128 4050 hoc
2197 3987 2457 4071 signum
2519 3991 2589 4055 in
2649 3994 2901 4062 honore
3030 3987 3031 4004 ¹

570 4090 843 4174 [sancti]
899 4089 988 4154 N.
1081 4088 1160 4151 ln
1213 4087 1481 4149 nomine
1534 4085 1785 4164 Patris,
1835 4095 1907 4150 et
1952 4085 2134 4165 Filii,
2183 4095 2252 4153 et
2306 4090 2598 4175 Spiritus
2653 4096 2901 4164 Sancti.

522 4232 527 4236 ·
568 4200 801 4258 Amen.
