3117 5025
1070 395 1471 461 Benedictio
1501 395 1823 460 Abbatis.
2516 390 2603 453 45

820 700 926 767 IN
973 700 1358 767 ABBATIS
1401 699 2106 768 BENEDIGTIONE.

388 901 704 982 Episcopus
743 903 863 982 ipse
903 905 970 964 in
1008 905 1324 966 Dominica
1362 908 1449 966 vel
1479 907 1547 966 in
1586 907 1786 966 celebri
1807 906 1955 985 festo
1988 904 2224 964 missam
2263 900 2533 979 complere
2572 907 2625 959 et

308 1016 436 1054 eum
464 998 775 1057 benedicere
802 1000 970 1073 debet,
995 1002 1301 1060 humiliato
1328 1024 1555 1081 empore
1571 1023 1699 1062 cum
1723 1003 1938 1061 duobus
1953 1000 2039 1059 vel
2056 1000 2236 1058 tribus
2262 999 2329 1057 de
2338 997 2627 1074 fratribus

314 1090 449 1149 suis.
535 1090 677 1151 Post
723 1092 989 1171 Alleluya
1035 1103 1137 1153 aut
1180 1096 1418 1172 yradale
1461 1104 1564 1155 aut
1599 1097 1912 1176 psalmum,
1953 1102 2257 1170 antequam
2303 1090 2624 1169 incipiatur

315 1187 683 1262 evanqelium,
711 1190 1023 1248 annuntiat
1051 1190 1337 1270 episcopus
1354 1192 1570 1270 populo
1596 1192 1803 1262 dicens,
1826 1190 2061 1248 sedendo
2077 1189 2140 1247 in
2162 1186 2448 1255 cathedra,
2471 1205 2627 1243 verso

308 1277 471 1338 dorso
498 1281 578 1337 ad
605 1282 803 1341 altare.
884 1284 1075 1342 Abbas
1101 1306 1228 1343 vero
1254 1306 1319 1343 ex
1344 1286 1594 1363 opposito
1620 1284 1805 1343 sedeat
1832 1305 1869 1342 a
1895 1284 2138 1356 remotis,
2168 1282 2299 1341 alba
2325 1289 2375 1340 et
2399 1280 2542 1338 stola
2567 1287 2620 1338 et

308 1392 494 1450 cappa
519 1375 699 1434 serica
727 1376 978 1437 indutus.

398 1467 713 1534 Ecclesiae
760 1471 848 1535 N.
895 1473 1004 1537 vel
1046 1473 1136 1537 N.
1183 1475 1391 1539 abbas
1437 1474 1712 1551 electus,
1742 1475 1992 1539 fratres
2035 1469 2387 1546 carissimi,
2436 1490 2629 1535 suum

310 1569 504 1635 adest,
532 1572 830 1637 ordinem
860 1576 944 1640 ad
971 1576 1499 1662 suscipiendum:
1547 1578 1721 1642 unde
1746 1582 2121 1642 sanctorum
2146 1578 2411 1659 patrum
2443 1573 2632 1657 prius

312 1693 464 1737 eum
530 1697 883 1741 censemus
942 1680 1346 1745 auctoritate
1415 1681 1927 1745 examinandum
1993 1679 2075 1742 de
2140 1677 2269 1754 his,
2336 1697 2479 1760 quae
2544 1675 2631 1740 ad

316 1794 575 1840 sacram
605 1777 1000 1865 religionem
1033 1785 1103 1846 et
1133 1782 1590 1847 monachicam
1618 1782 2099 1868 professionem
2131 1778 2489 1863 pertinent.

400 1880 891 1966 Interroyatio.
979 1884 1105 1949 Vis
1135 1891 1347 1963 tuum,
1370 1886 1600 1963 frater,
1624 1885 2040 1971 propositum
2073 1888 2144 1947 et
2174 1882 2389 1947 sancti
2421 1882 2632 1945 Bene-

313 1980 473 2045 dicti
518 1984 823 2069 regulam
869 1986 1012 2071 ipse
1061 1989 1440 2066 observare,
1481 1988 1735 2073 tibique
1783 1986 2137 2070 subjectos,
2179 1990 2257 2049 ut
2298 1984 2368 2047 id
2409 1983 2625 2069 ipsum

313 2082 583 2160 faciant,
617 2085 975 2172 diligenter
1003 2089 1358 2154 instruere.

401 2186 869 2267 Respondeat.
956 2191 1156 2256 Volo.

400 2289 888 2373 Interroqatio.
978 2291 1112 2358 Res
1152 2315 1414 2378 quoque
1458 2292 1752 2358 ecclesiae
1794 2291 2122 2357 hactenus
2166 2290 2503 2374 dispersas
2532 2288 2631 2352 in-

298 2390 508 2474 juste,
569 2392 695 2468 vis,
753 2398 1077 2476 quantum
1145 2396 1473 2480 prevales,
1535 2415 1966 2480 congregare,
2027 2412 2273 2475 easque
2339 2391 2411 2454 in
2469 2412 2633 2454 usus

305 2492 620 2571 ecclesiae,
644 2493 950 2573 fratrum,
980 2520 1370 2583 pauperum,
1402 2498 1607 2564 etiam
1629 2497 2149 2584 peregrinorum,
2180 2494 2625 2561 conservarsi

395 2597 858 2678 Respondeat.
945 2599 1145 2664 VolO.

398 2701 889 2783 Interroqatio.
980 2702 1106 2767 Vis
1145 2701 1590 2767 humilitatem
1627 2707 1695 2769 et
1738 2701 2130 2787 patientiam
2171 2699 2238 2763 in
2274 2698 2632 2783 temetipso

305 2803 668 2879 custodire,
701 2809 770 2868 et
801 2803 972 2870 alios
1005 2806 1315 2871 similiter
1343 2807 1623 2871 docere}

397 2906 859 2987 Respondeat.
947 2906 1144 2972 Volo.

394 3009 882 3092 Interroyatio.
969 3009 1099 3075 Vis
1160 3014 1402 3075 sanctes
1462 3011 1663 3076 matri
1714 3009 2007 3076 ecclesiae
2054 3011 2142 3074 N.
2203 3011 2272 3072 et
2319 3007 2482 3072 mihi
2532 3007 2622 3071 N.

308 3110 606 3199 ejusdem
657 3110 965 3198 episcopo
1018 3112 1404 3178 canonicam
1456 3134 1578 3199 per
1629 3112 1853 3177 omnia
1911 3111 2389 3196 subject-ionem
2441 3110 2624 3174 exhi-

311 3214 472 3278 bere
495 3212 562 3276 ἲ*

311 3378 347 3414 ³*
377 3380 483 3435 sse
500 3385 599 3435 two
606 3380 889 3453 following
900 3383 1093 3437 Forms
1104 3384 1177 3455 of
1176 3384 1500 3455 demandiny
1512 3382 1818 3456 Profession
1831 3400 1924 3438 are
1938 3382 2213 3452 hemyivcn
2226 3381 2289 3434 in
2301 3379 2384 3435 the
2399 3380 2624 3450 margin.

381 3469 481 3524 Vis
503 3475 711 3525 sanctae
735 3471 902 3525 matri
927 3471 1184 3528 Ecclesiae
1219 3479 1275 3527 et
1298 3477 1488 3527 sancto
1525 3471 1690 3526 Petro
1714 3477 1769 3526 et
1792 3470 2014 3525 domino
2049 3468 2272 3523 domino
2308 3467 2640 3521 Christofero

310 3555 662 3611 miseratione
704 3557 895 3613 divina
940 3565 1255 3613 sanctorum
1306 3558 1459 3613 Petri
1506 3565 1562 3613 et
1612 3556 1921 3612 Marcellini
1968 3559 2326 3610 sacrosanctae
2373 3553 2641 3608 Romanae

311 3642 567 3699 Ecclesiae
602 3644 918 3715 presbytero
942 3644 1230 3715 cardinali,
1257 3645 1587 3701 Eboracensi
1624 3644 2039 3717 archiepiscope,
2066 3641 2291 3712 Angliae
2315 3640 2556 3713 primati,
2582 3647 2640 3695 et

309 3729 622 3801 apostolicae
657 3730 809 3789 sedis.
838 3730 1035 3802 legato,
1073 3749 1138 3787 ac
1171 3732 1470 3788 venerabili
1506 3731 1769 3787 confratri
1805 3735 1992 3784 nostro
2026 3727 2292 3797 debanni,
2321 3727 2422 3781 Dei
2457 3727 2635 3807 gratia

312 3815 743 3888 Nigropontensi
769 3816 1032 3890 episcopo,
1059 3818 1397 3890 suffraganeo
1420 3823 1623 3888 nostro,
1649 3818 1882 3872 salutem
1908 3822 1964 3870 et
1985 3816 2281 3870 fraternam
2319 3814 2378 3868 in
2405 3813 2641 3870 Domino

311 3903 595 3958 caritatem
624 3901 732 3975 [et]
755 3905 1074 3960 canonicam
1100 3922 1196 3978 per
1218 3906 1405 3961 omnia
1427 3905 1822 3977 subjectionem
1847 3902 2100 3959 exhibere
2115 3902 2141 3956 ¹?

383 3988 486 4043 Vis
524 3995 729 4045 sanctes
771 3991 937 4045 matri
977 3990 1236 4047 Ecclesiae
1279 3997 1336 4047 et
1376 3998 1567 4049 sancto
1610 3992 1775 4048 Petro
1821 3997 1879 4046 et
1919 3988 2248 4045 christoforo
2288 3987 2640 4060 permissione

312 4076 502 4131 divina
535 4075 860 4132 Eboracensi
896 4077 1311 4151 archiepiscope,
1339 4079 1566 4152 Angliae
1591 4078 1815 4151 primati
1847 4083 1903 4134 et
1939 4075 2245 4149 apostolicae
2273 4074 2417 4129 sedis
2438 4074 2633 4146 legato,

307 4180 371 4218 ac
412 4162 711 4218 venerabili
756 4163 1018 4219 confratri
1060 4169 1244 4220 nostro
1285 4165 1536 4222 «Iohanni
1580 4165 1681 4221 Dei
1715 4165 1894 4237 gratia
1934 4161 2357 4237 Nigropontensi
2393 4162 2639 4233 episcopo

308 4250 651 4321 suffraganeo
674 4256 875 4319 nostre,
895 4250 1127 4306 salutem
1154 4257 1212 4307 et
1229 4252 1527 4309 fraternam
1554 4253 1612 4306 in
1643 4252 1876 4308 Domino
1895 4251 2176 4307 caritatem
2198 4250 2306 4321 [et]
2324 4248 2639 4304 canonicam

314 4355 415 4410 per
439 4337 625 4394 omnia
649 4338 1042 4410 subJectionem
1069 4339 1322 4395 exhibere
1339 4341 1365 4393 ?
