3117 5025
517 404 647 471 270
1336 406 1775 471 consecratio
1807 406 2037 492 Reyis.

1159 858 1814 941 [CONSECRATIO
1856 861 2176 951 REGIS]

582 1083 810 1162 Incipit
855 1085 1197 1143 consecratio
1249 1085 1418 1161 reqis,
1466 1105 1632 1176 quem
1679 1085 1749 1144 de
1802 1094 2075 1144 conventu
2125 1087 2414 1147 seniorum
2453 1109 2561 1167 per
2613 1107 2824 1146 manus

500 1180 826 1259 perducant
868 1179 980 1238 duo
1018 1179 1271 1258 episcopi
1308 1180 1390 1239 ad
1427 1180 1737 1240 ecclesiam.
1817 1181 1899 1240 Et
1937 1180 2119 1241 clem
2163 1182 2314 1242 hanc
2353 1183 2607 1243 decantet
2648 1186 2834 1243 Anti-

504 1276 773 1354 phonam,
802 1275 1017 1334 duobus
1043 1274 1319 1354 episcopis
1340 1276 1814 1355 proecancntibus.

590 1370 931 1435 Firmetur
960 1390 1203 1434 manus
1232 1376 1372 1436 tua.

595 1473 827 1540 Gloria
855 1472 1062 1538 Patri.

584 1577 927 1637 Perveniem
952 1596 1052 1634 rea:
1078 1576 1159 1633 ad
1183 1574 1474 1634 ecclesiam
1510 1584 1835 1655 prosternat
1859 1598 1915 1636 se
1940 1599 2132 1637 coram
2160 1580 2363 1653 altare,
2388 1589 2441 1640 et
2466 1582 2822 1661 hymnizetur

501 1674 586 1734 Te
605 1673 794 1733 Deum
811 1672 1133 1743 laudamus,
1150 1671 1234 1731 Te
1252 1670 1570 1731 Dominum
1587 1671 1958 1732 confitemur.
2024 1672 2151 1743 Quo
2153 1675 2278 1750 fine
2299 1683 2457 1734 tenus
2472 1676 2817 1756 hymnizato‚

501 1790 601 1827 νοω
625 1769 884 1845 eriqatur
909 1767 978 1825 de
1001 1767 1135 1838 solo,
1168 1775 1219 1825 et
1245 1767 1317 1825 ab
1354 1767 1650 1845 episcopis,
1675 1774 1727 1826 et
1753 1786 1790 1824 a
1815 1768 1969 1845 plebe
2008 1769 2223 1841 electus,
2254 1770 2370 1829 hoec
2396 1772 2516 1830 tria
2553 1793 2609 1831 se
2634 1793 2824 1832 serva-

505 1872 699 1922 turum
713 1864 860 1939 jura
886 1863 1200 1939 promittat,
1230 1869 1281 1920 et
1307 1862 1469 1921 clara
1497 1883 1626 1921 voce
1653 1883 1843 1921 coram
1870 1863 1995 1921 Deo
2021 1865 2288 1943 omnique
2308 1868 2523 1945 populo
2548 1869 2725 1927 dicat.

587 1961 750 2026 Haec
807 1959 943 2024 tria
999 1958 1248 2044 populo
1308 1957 1695 2024 Christiano
1755 1963 1828 2024 et
1882 1960 2048 2024 mihi
2108 1962 2380 2028 subdito
2435 1963 2506 2027 in
2568 1964 2823 2030 Christi

498 2063 818 2150 promitto
847 2060 1137 2126 nomine.

583 2166 664 2231 In
713 2165 967 2251 primis,
1014 2169 1091 2228 ut
1140 2163 1448 2229 Ecclesia
1490 2162 1619 2227 Dei
1672 2170 1742 2229 et
1791 2164 2006 2229 omnis
2050 2167 2341 2252 populus
2388 2167 2820 2235 Christianus

489 2290 717 2334 veram
749 2289 977 2353 pacem
1011 2272 1245 2331 nostro
1279 2266 1559 2331 arbitrio
1591 2266 1664 2329 in
1693 2267 1873 2331 omni
1904 2273 2208 2354 tempore
2241 2276 2486 2335 servet.

585 2373 808 2449 Aliud,
832 2378 910 2436 ut
938 2371 1347 2456 rapacitates
1378 2376 1447 2436 et
1472 2391 1702 2435 omnes
1732 2371 2127 2457 iniquitates
2159 2375 2468 2439 omnibus
2496 2376 2818 2461 gradibus

497 2477 913 2543 interdicam.

581 2580 908 2656 Tertium,
935 2583 1012 2643 ut
1039 2576 1109 2642 in
1142 2577 1449 2643 omnibus
1472 2577 1747 2661 judiciis
1777 2579 2158 2664 aequitatem
2191 2585 2260 2645 et
2289 2580 2812 2647 misericordiam

495 2685 891 2771 praecipiam,
937 2687 1016 2746 ut
1066 2681 1230 2745 mihi
1284 2685 1355 2745 et
1401 2683 1590 2746 vobis
1642 2681 1995 2768 indulgeat
2046 2703 2234 2748 suam
2288 2684 2812 2750 misericordiam

493 2788 788 2854 clemens
820 2790 889 2850 et
918 2785 1299 2849 misericors
1329 2783 1536 2862 Deus,
1570 2785 1686 2869 qui
1717 2785 1886 2850 vivit
1914 2791 1982 2850 et
2013 2791 2275 2873 regnat.

569 2891 688 2949 His
699 2888 972 2967 peractis,
991 2908 1179 2946 omnes
1204 2887 1404 2945 dicant
1431 2887 1649 2958 Amen,
1675 2895 1727 2946 et
1745 2888 1831 2946 12ae
1853 2897 2163 2967 sequantur
2181 2891 2483 2963 orationes,
2504 2912 2543 2949 a
2561 2891 2808 2968 sinqulis

490 2984 767 3064 episcopis
793 2982 1035 3058 sinyulae
1060 3001 1230 3058 super
1254 3002 1439 3058 reyem
1463 2982 1734 3040 dicendae.

575 3080 672 3144 Te
723 3080 1131 3154 invocamus,
1179 3078 1485 3155 Domine,
1532 3084 1763 3143 sancte
1817 3078 2041 3156 Pater,
2088 3080 2511 3167 omnipotens
2554 3087 2801 3149 oeterne

488 3185 695 3260 Densi,
741 3187 818 3247 ut
859 3181 1036 3245 hunc
1086 3179 1410 3245 famulum
1453 3185 1646 3245 tuum
1689 3180 1788 3245 ill.
1837 3203 2030 3267 quem
2086 3187 2216 3248 tuae
2261 3185 2498 3250 divinae
2541 3186 2808 3272 dispen-

488 3286 770 3354 sationis
829 3283 1255 3369 providentia
1318 3283 1388 3347 in
1447 3282 1814 3367 primordio
1880 3283 2287 3369 plasmatum
2355 3308 2567 3372 usque
2625 3288 2805 3354 hunc

487 3395 881 3478 praesentem
913 3388 1083 3452 diem
1125 3385 1413 3470 juvenili
1458 3386 1623 3450 flore
1664 3386 1999 3452 laetantem
2046 3409 2347 3454 crescere
2393 3392 2809 3470 concessisti,

489 3517 637 3559 eum
669 3490 1111 3575 tuse-pietatis
1138 3489 1311 3554 dono
1343 3489 1653 3564 ditatum,
1685 3488 2089 3574 plenumque
2133 3492 2359 3577 gratia
2386 3494 2696 3559 veritatis
2726 3495 2811 3559 de

484 3599 590 3663 die
650 3597 723 3659 in
783 3595 958 3659 diem
1018 3612 1242 3658 coram
1295 3590 1439 3656 Deo
1501 3597 1568 3656 et
1620 3591 2000 3656 hominibus
2060 3594 2145 3657 ad
2204 3594 2484 3660 meliora
2541 3617 2806 3683 semper

487 3701 808 3786 proficere
851 3697 1085 3772 facias,
1128 3701 1206 3762 ut
1249 3695 1495 3759 summi
1538 3695 1889 3780 regiminis
1936 3695 2176 3761 solium
2221 3699 2460 3783 gratiae
2506 3720 2806 3786 supernae

483 3803 805 3888 largitate
888 3797 1190 3886 gaudens
1244 3797 1588 3883 suscipiat,
1642 3803 1712 3862 et
1758 3798 2226 3864 misericordiae
2285 3806 2415 3866 tuae
2467 3824 2658 3869 muro
2716 3807 2805 3870 ab

482 3906 777 3972 hostium
810 3901 1222 3969 adversitate
1254 3901 1543 3986 undique
1573 3901 1896 3978 munitus,
1928 3901 2189 3986 plebem
2224 3904 2349 3968 sibi
2380 3907 2802 3973 commissam

482 4030 631 4072 cum
681 4027 845 4091 pace
893 4002 1420 4090 propitiationis
1449 4008 1520 4068 et
1570 4004 1822 4068 virtute
1880 4004 2175 4069 victoriae
2225 4005 2518 4073 feliciter
2568 4030 2803 4096 regere

481 4114 842 4185 mereatur,
873 4128 996 4192 per
1024 4105 1385 4171 Dominum
1416 4111 1721 4170 nostrum
1753 4106 1796 4170 J
1801 4127 2009 4170 esum.

558 4215 712 4274 Alia
738 4212 940 4271 oratio,

565 4312 770 4385 Deus,
802 4307 912 4392 qui
946 4304 1211 4391 populis
1241 4303 1379 4368 tuis
1410 4304 1660 4369 virtute
1694 4305 2010 4384 consulis,
2044 4311 2113 4371 et
2158 4328 2384 4372 amore
2414 4308 2800 4390 dominaris,
