3117 5025
520 386 550 445 1
564 385 647 448 90
1165 387 1681 451 Benedictiones
1711 385 2186 468 Episcopalea

596 588 681 648 In
706 588 801 648 die
828 587 1073 648 Natalis
1101 590 1365 649 Domini.

595 754 958 819 Benedicat
1010 776 1129 819 vos
1182 756 1602 841 omnipotens
1654 755 1859 833 Deus,
1915 759 2345 838 vestramque
2396 755 2481 818 ad
2535 773 2825 837 superna

506 857 757 922 excitet
797 856 1257 933 intentionem,
1288 858 1405 942 qui
1449 861 1629 924 hunc
1676 858 2205 923 sacratissimum
2247 856 2421 921 diem
2467 854 2826 920 nativitate

507 959 664 1023 Filii
698 959 804 1023 sui
831 959 994 1025 fecit
1022 982 1171 1025 esse
1204 960 1619 1026 sollemnem.
1707 963 1945 1026 Amen.

593 1064 687 1128 Et
731 1062 847 1146 qui
892 1084 1068 1142 eum,
1102 1064 1216 1148 qui
1263 1065 1458 1149 panis
1505 1069 1615 1129 est
1657 1064 2072 1150 angelorum,
2102 1063 2174 1127 in
2218 1063 2496 1148 praesepi
2531 1059 2824 1125 ecclesiae

504 1167 722 1231 cibum
765 1165 930 1230 fecit·
960 1186 1111 1230 esse
1154 1166 1449 1231 fidelium
1497 1167 1895 1244 animarum,
1923 1167 2067 1252 ipse
2112 1186 2253 1242 vos,
2285 1171 2357 1230 et
2397 1166 2465 1228 in
2511 1164 2823 1249 praesenti

508 1266 746 1332 saeculo
777 1267 1137 1353 degustare
1166 1267 1375 1333 faciat
1416 1272 1815 1334 aeternorum
1847 1267 2263 1332 dulcedinem
2309 1266 2728 1353 gaudiorum,
2760 1271 2832 1327 et

503 1371 572 1434 in
638 1371 867 1435 futuro
933 1371 1257 1457 perducat
1312 1373 1399 1437 ad
1467 1373 1857 1437 societatem
1919 1376 2315 1437 veternorum
2383 1369 2822 1456 praemiorum.

507 1474 745 1538 Amen.

592 1575 847 1660 Quique
881 1575 1029 1658 ejus
1073 1576 1426 1641 infantiam
1472 1575 1720 1640 vilibus
1763 1575 1979 1641 voluit
2006 1574 2194 1638 indui
2239 1574 2502 1660 pannis,
2530 1573 2677 1659 ipse
2707 1592 2826 1637 vos

508 1678 825 1764 pretiosis
845 1678 1233 1761 perennium
1255 1678 1807 1745 vestimentorum
1826 1678 2065 1743 induat
2082 1677 2515 1743 ornamentis.
2589 1676 2824 1741 Amen.

594 1780 782 1866 Quod
810 1780 976 1865 ipse.

581 1952 631 2011 I
626 1974 664 2011 n
691 1951 787 2010 die
820 1949 1296 2011 Circumcisionis
1322 1952 1595 2013 Domini.

595 2117 1029 2203 Omnipotens
1061 2118 1269 2195 Deus,
1300 2117 1496 2201 cujus
1526 2118 1939 2205 Unigenitus
1970 2118 2294 2183 hodierna
2323 2116 2453 2194 die,
2486 2137 2570 2180 ue
2601 2115 2819 2200 legem

507 2218 802 2284 solveret
833 2241 1029 2304 quam
1062 2219 1426 2306 adimplere
1457 2228 1756 2299 venerat,
1779 2221 2193 2307 corporalem
2226 2219 2519 2302 suscepit
2548 2219 2827 2282 circum—

504 2323 843 2400 cisionem,
868 2329 1129 2388 mentes
1160 2328 1425 2387 vestras
1455 2329 1694 2389 contra
1722 2325 1947 2388 omnia
1976 2323 2289 2388 vitiorum
2322 2321 2676 2398 incentiva,
2703 2341 2828 2383 sua

507 2427 733 2512 gratia
756 2427 1036 2502 muniat,
1069 2432 1139 2491 et
1171 2446 1358 2490 suam
1390 2425 1458 2488 in
1490 2447 1612 2490 vos
1641 2427 2173 2492 benedictionem
2203 2425 2572 2489 clementer
2600 2423 2821 2486 infun-

507 2528 645 2593 dat.
735 2531 970 2593 Amen.

593 2630 687 2695 Et
716 2632 830 2716 qui
857 2631 1073 2716 legem
1100 2653 1219 2715 per
1249 2632 1529 2715 Moysen
1561 2632 1766 2709 dedit,
1789 2636 1869 2697 ut
1897 2652 2017 2717 per
2045 2630 2480 2695 mediatorem
2510 2635 2817 2692 nostrum

504 2734 1035 2798 benedictionem
1088 2733 1299 2810 daret,
1353 2739 1558 2798 exuat·
1610 2755 1732 2800 vos
1790 2733 2304 2798 mortificatione
2357 2731 2698 2806 vitiorum,
2752 2737 2826 2794 et

503 2835 711 2900 faciat
739 2856 1170 2920 perseverare
1202 2835 1272 2899 in
1303 2837 1606 2901 novitate
1636 2838 1990 2903 virtutum.
2076 2837 2314 2900 Amen.

587 2937 729 3021 Quo
761 2938 857 3002 sic
886 2937 954 3000 in
989 2938 1238 3002 senarii
1267 2940 1530 3003 numeri
1562 2941 1971 3024 perfectione
2003 2938 2071 3001 in
2118 2925 2243 3003 h'oc
2276 2938 2515 3003 saeculo
2545 2938 2822 3015 vivatis,
2918 2959 2921 2962 ·

502 3047 576 3105 et
604 3041 673 3104 in
698 3041 1079 3124 septenario
1102 3040 1280 3106 inter
1299 3043 1654 3107 beatorum
1680 3042 2036 3127 spirituum
2063 3041 2333 3127 agmina
2356 3041 2826 3125 requiescatis,

501 3146 834 3227 quatenus
865 3143 932 3205 in
965 3149 1222 3222 octavo,
1252 3144 1745 3220 resurrectione
1777 3144 2107 3220 renovati,
2131 3141 2390 3226 jubelei
2422 3143 2821 3207 remissione

503 3245 721 3320 ditati,
752 3244 838 3309 ad
870 3246 1118 3330 gaudia
1149 3246 1292 3311 sine
1323 3246 1453 3310 fine
1485 3267 1804 3311 mansura
1832 3245 2241 3331 perveniatis
2272 3245 2535 3310 sinceri.

505 3365 512 3370 ’
591 3347 778 3433 Quod
806 3349 969 3433 ipse.
1389 3365 1394 3370 ·

583 3520 628 3579 I
627 3542 662 3579 η
689 3520 785 3580 die
811 3520 1186 3600 Epiphaniae.

594 3685 799 3762 Deus,
843 3684 1070 3748 lumen
1114 3709 1368 3764 verum,
1415 3688 1529 3772 qui
1579 3687 2013 3773 Unigenitum
2069 3708 2283 3765 suum,
2330 3686 2651 3750 hodierna-
2691 3686 2828 3764 die,

509 3788 710 3851 stella
738 3788 923 3865 duce,
954 3789 1271 3872 gentibus
1313 3791 1620 3855 revelare
1666 3789 1898 3867 voluit,
1934 3810 2058 3854 sua
2125 3811 2246 3854 vos
2286 3789 2603 3875 dignetur
2631 3789 2839 3852 bene-

504 3892 794 3956 dictione
824 3892 1060 3957 ditare.
1149 3894 1384 3957 Amen.

625 3995 768 4078 Quo
828 3995 1136 4078 exemplo
1203 3996 1561 4081 Magorum
1621 3997 1908 4081 mystica
1972 3993 2263 4060 Domino
2324 3994 2367 4058 J
2372 4015 2493 4059 esu
2556 3993 2842 4058 Christo

508 4118 788 4163 munera
817 4098 1199 4174 offerentes,
1233 4104 1459 4182 spreto
1507 4099 1786 4183 antiquo
1816 4100 2036 4175 hoste,
2071 4098 2452 4182 spretisque
2499 4095 2845 4181 contagiis

508 4203 845 4276 vitiorum,
883 4199 968 4264 ad
1012 4204 1325 4265 aeternam
1367 4200 1656 4284 patriam
1703 4200 1923 4265 redire
1972 4200 2260 4266 valeatis
2305 4221 2429 4284 per
2471 4198 2647 4263 viam
2697 4198 2840 4261 vir-

506 4312 746 4369 tutum.
837 4303 1073 4368 Amen.
2164 4319 2171 4325 ·
