3117 5025
782 415 1218 478 oensem-atio
1250 412 1506 477 altaris
1538 412 1682 474 aine
1715 407 2053 473 Ecclesia.
2443 403 2571 465 111

276 2102 387 2144 me
417 2116 447 2128 -
477 2101 521 2145 a.
577 2116 1128 2131 -------
1187 2100 1338 2142 rum
1399 2098 1512 2144 sac
1532 2078 1640 2142 -ri
1670 2115 1696 2128 -
1718 2078 1764 2141 fi
1795 2116 1823 2128 -
1854 2078 1916 2142 ci
1977 2115 2004 2128 -
2032 2115 2059 2128 -
2122 2097 2235 2141 um
2295 2094 2592 2159 ves-per-

286 2476 347 2540 ti
405 2510 1130 2526 ---------
1191 2495 1369 2538 num.

319 2875 323 2878 ,
383 2822 747 2882 0-re-mus.

312 2987 317 2991 ,
384 2919 693 2996 Domine,
749 2924 979 2984 sancte
1032 2919 1254 2997 Pater,
1315 2919 1734 3005 omnipotens
1784 2924 2032 2986 aeterne
2090 2921 2297 2999 Deua,
2349 2924 2615 2986 creator

297 3023 445 3088 coeli
488 3029 562 3087 et
605 3026 821 3098 terrae,
851 3022 1059 3086 maris
1103 3028 1171 3087 et
1217 3023 1510 3086 omnium
1555 3023 2055 3102 elementorum,
2098 3025 2434 3109 supplices
2476 3044 2617 3087 ma·

292 3127 619 3210 jestatem
683 3131 874 3189 tuam
940 3145 1298 3189 exoramus
1364 3131 1434 3189 et
1497 3127 1811 3210 petimus,
1877 3134 1957 3192 ut
2020 3125 2481 3197 beneffldicere
2548 3132 2622 3190 et

303 3220 793 3294 sanctiffificare
852 3226 1149 3312 digneris
1208 3228 1426 3293 altare
1484 3229 1610 3294 hoc
1667 3251 1750 3294 ex
1809 3229 2075 3316 lapidea.
2134 3236 2445 3295 creatura
2503 3233 2623 3292 tua

302 3352 509 3395 manu
566 3329 860 3394 hominis
918 3330 1425 3414 adquadratum,
1489 3331 1666 3396 sicut
1721 3333 2115 3398 benedicere
2174 3333 2491 3417 dignatus
2550 3348 2626 3392 es

309 3433 529 3498 altare
558 3431 729 3495 illud
760 3433 933 3516 quod
965 3433 1115 3497 Noe
1139 3439 1295 3518 post
1320 3439 1737 3498 transactum
1770 3434 2176 3518 cataclysma.
2203 3454 2325 3520 per
2351 3432 2628 3497 verbum

312 3540 622 3601 sanctum
665 3540 855 3598 tuum
900 3535 969 3597 in
1014 3536 1276 3599 nomine
1320 3542 1439 3600 tuo
1462 3622 1465 3625 Δ
1487 3536 1856 3613 aedificavit,
1902 3557 2104 3621 super
2147 3535 2321 3620 quod
2368 3535 2636 3598 diversa

312 3638 685 3703 animantia.
714 3642 908 3701 terrae
939 3637 1168 3702 oblata
1198 3642 1358 3702 sunt
1386 3638 1633 3703 munda
1663 3645 1732 3704 et
1760 3639 2123 3716 immunda,
2150 3634 2637 3704 sed'immunda

309 3741 381 3804 in
410 3740 698 3825 figuram
727 3738 1105 3824 gentilium,
1137 3761 1280 3824 quae
1311 3761 1353 3805 a
1385 3740 1642 3823 Spiritu
1672 3740 1916 3806 Sancto
1947 3748 2063 3807 tuo
2093 3740 2436 3817 mundata,
2466 3738 2638 3804 etin

309 3842 584 3907 odorem
616 3842 974 3906 suavitatis
1005 3849 1300 3926 accepta,
1336 3842 1685 3927 Scriptura
1723 3849 2282 3908 commemorante
2325 3840 2637 3926 cognovi-

314 3964 490 4009 mus,
579 3942 1017 4029 Suscipiatur,
1041 3965 1436 4028 quaesumu8‚
1461 3944 1767 4023 Domine,
1791 3945 1968 4030 apud
1988 3952 2059 4010 te
2089 3946 2197 4010 hic
2222 3945 2638 4030 suppositum

323 4047 746 4125 sacrificium,
802 4049 1239 4135 quodcunque
1297 4070 1419 4135 per
1474 4072 1714 4115 manus
1776 4051 2196 4116 sacerdotum
2254 4050 2381 4114 tibi
2437 4048 2643 4113 fuerit

322 4151 645 4227 oblatum,
670 4156 741 4216 et
767 4151 1076 4235 proficiat
1105 4154 1539 4217 offerentibus
1572 4160 1641 4219 et
1668 4153 2308 4218 communicantibus
2336 4153 2407 4214 in
2436 4152 2645 4217 vitam

332 4258 672 4318 aeternam.
792 4255 922 4318 Per
995 4256 1275 4320 eundem
1350 4256 1709 4321 Dominum
1782 4263 2107 4322 nostrum.
2228 4256 2306 4317 In
2382 4256 2643 4319 unitate

328 4356 652 4440 ejusdem.
