3117 5025
1013 426 1532 492 Benedictionee
1564 426 1890 490 Diversae.
2487 423 2614 486 345

716 803 1422 871 RECONOILIATIO
1469 805 2191 872 HAERETIOORUM.

392 990 675 1058 Domine
701 992 886 1058 Deus
917 996 1360 1081 omnipotens,
1382 997 1589 1060 Pater
1611 995 1875 1061 Domini
1903 996 2117 1060 nostri
2148 997 2312 1061 J‘esu
2348 995 2623 1074 Christi,

299 1097 415 1177 qui
441 1095 762 1181 dignatus
792 1118 866 1161 es
897 1099 1073 1163 hunc
1102 1100 1428 1164 famulum
1459 1104 1652 1164 tuum
1676 1099 1781 1163 ill.
1814 1101 1899 1163 ab
1933 1121 2164 1163 errore
2190 1104 2262 1164 et
2279 1100 2623 1164 mendacio

301 1198 626 1264 haereticae
680 1203 1042 1285 pravitatis
1096 1224 1352 1279 eruere,
1404 1208 1475 1267 et
1526 1202 1611 1267 ad
1666 1201 2016 1267 ecclesiam
2071 1207 2259 1267 tuam
2316 1210 2620 1269 sanctam

305 1300 721 1368 Catholicam
755 1325 869 1369 eos
913 1307 1311 1391 perducere3
1359 1312 1454 1382 tu,
1487 1305 1791 1382 Domine,
1829 1306 2151 1391 Spiritum
2199 1311 2388 1370 tuum
2422 1308 2626 1372 Para·

300 1405 534 1467 clitum
576 1407 647 1470 in
699 1429 851 1472 eum
905 1410 1213 1473 emittere
1260 1409 1562 1495 dignare,
1612 1409 1935 1493 Spiritum
1992 1409 2343 1493 sapientiae
2399 1416 2468 1474 et
2523 1411 2624 1473 in-

300 1508 640 1587 tellectus,
690 1512 1016 1596 Spiritum
1062 1514 1323 1577 consilii
1377 1521 1448 1578 et
1496 1514 1790 1590 virtutis,
1841 1513 2165 1598 Spiritum
2218 1513 2510 1578 scientiae
2557 1520 2629 1579 et

300 1614 618 1696 pietatis3
667 1621 737 1679 et
780 1616 1073 1700 adimple
1119 1638 1293 1693 eum,
1325 1617 1632 1693 Domine,
1668 1617 1926 1701 Spiritu
1967 1617 2231 1683 timoris
2277 1619 2399 1694 tui,
2433 1624 2509 1682 ut
2553 1619 2625 1681 in

303 1717 570 1781 nomine
608 1718 875 1784 Domini
916 1721 1133 1785 nostri
1176 1721 1343 1785 Jesu
1391 1721 1644 1787 Christi
1700 1722 1891 1808 signo
1938 1722 2153 1786 crucis
2205 1722 2513 1807 signetur
2559 1722 2630 1786 in

304 1820 513 1884 vitam
590 1828 925 1889 aeternam.
1047 1824 1177 1888 Per
1244 1825 1524 1887 eundem
1592 1824 1950 1889 Dominum
2019 1830 2325 1888 nostrum
2392 1824 2625 1891 Jesum

306 1922 648 1990 Christum
682 1926 930 1990 Filium
962 1932 1172 2004 tuum,
1204 1928 1319 2012 qui
1366 1928 1531 1992 vivit
1560 1932 1631 1991 et
1676 1935 1922 2013 regnat
1953 1928 2139 1992 Deus
2172 1948 2456 2013 semper,
2487 1949 2622 1993 una

303 2048 454 2091 cum
491 2028 743 2112 Spiritu
778 2031 1041 2095 Sancto.
1131 2031 1261 2095 Per
1291 2030 1515 2093 omnia
1545 2029 1789 2094 saecula
1821 2029 2283 2093 saeculorum.*

398 2132 636 2218 Signat
681 2140 747 2198 te
792 2133 1117 2197 Dominus
1149 2134 1342 2218 signo
1389 2132 1609 2197 crucis
1640 2132 1709 2195 in
1743 2132 1947 2196 vitam
1996 2138 2313 2197 aeternam
2361 2134 2428 2196 in
2477 2155 2627 2197 con·

305 2235 754 2321 signationem
790 2238 967 2301 fidei.
1059 2238 1293 2301 Amen.

396 2343 540 2406 Pax
569 2347 814 2407 tecum.

397 2446 488 2512 Et
518 2468 665 2510 cum
702 2446 947 2531 spiritu
982 2453 1115 2510 tuo.

308 2655 645 2720 ORATIO
679 2653 967 2719 SUPER
990 2653 1153 2718 EOS
1185 2653 1344 2738 QUI
1376 2651 1972 2718 MORTIOINUM
2004 2651 2617 2717 OOMEDERINT.

394 2845 602 2922 Deus,
653 2845 770 2929 qui
829 2844 1166 2909 hominem
1225 2843 1311 2908 ad
1370 2843 1729 2929 imaginem
1779 2848 1967 2909 tuam
2029 2842 2367 2908 conditum
2429 2842 2499 2905 in
2560 2842 2628 2905 id

306 2971 585 3036 reparas
617 2950 794 3034 quod
825 2948 1092 3024 creasti,
1118 2946 1374 3031 respice
1406 2946 1740 3032 propitius
1771 2967 1972 3032 super
2002 2947 2125 3011 hos
2155 2945 2446 3010 famulos
2475 2950 2632 3009 tuos

307 3058 416 3121 ill.
466 3063 535 3120 et
595 3054 908 3139 quicquid
960 3073 1190 3117 eorum
1242 3051 1629 3137 ignorantia
1678 3072 1756 3116 ac
1818 3052 2221 3116 necessitate
2274 3049 2508 3115 hostili
2560 3056 2631 3115 et

309 3160 646 3224 diabolica
688 3158 923 3221 fraude
971 3157 1363 3240 subreptum
1410 3159 1538 3231 est,
1568 3154 1991 3240 indulgentia
2033 3159 2164 3219 tuae
2209 3155 2484 3239 pietatis
2530 3154 2629 3239 ig-

308 3271 546 3329 noscat
594 3267 663 3327 et
707 3261 1036 3336 absolvat,
1072 3263 1147 3323 ut
1192 3259 1525 3324 altaribus
1575 3259 1787 3322 sacris
1827 3263 2101 3342 recepta
2145 3257 2453 3321 veritatis
2499 3263 2631 3322 tuae

308 3366 771 3432 communione
803 3365 1143 3429 reddatur.
1232 3363 1383 3429 Per.

308 3593 344 3627 θ’
380 3592 513 3645 This
550 3605 746 3662 prayer
781 3589 829 3641 is
866 3588 1034 3641 found
1073 3587 1133 3640 in
1174 3586 1269 3640 the
1305 3583 1564 3640 Gelasian
1604 3582 2021 3651 Sacramentary
2060 3578 2381 3650 (Muratori,
2419 3579 2455 3633 i.
2480 3578 2626 3648 1307)

308 3681 445 3735 with
473 3679 567 3734 the
592 3678 735 3741 title,
766 3675 1137 3730 “Benedictio
1162 3690 1322 3745 super
1357 3689 1448 3728 eos
1471 3672 1566 3742 qui
1595 3672 1664 3725 de
1701 3671 1916 3725 Ariana
1940 3669 2006 3722 ad
2035 3668 2374 3722 catholicam
2402 3667 2634 3720 redeunt

308 3770 640 3824 unitatem.”
714 3767 821 3821 For
846 3766 940 3822 the
980 3771 1012 3797 ‘⁴
1035 3764 1309 3820 haereticae
1345 3762 1686 3835 pravitatis’·
1727 3760 1788 3815 of
1821 3759 1912 3813 the
1940 3764 2074 3827 text,
2102 3760 2146 3812 it
2184 3756 2284 3811 has
2310 3757 2629 3813 “haereseos

306 3858 590 3913 Arianae.”

481 4449 671 4510 Pont.
707 4444 791 4504 43
