3117 5025
893 396 1145 459 Modus
1184 394 1603 479 Conficiendi
1641 392 1983 456 chrisma.
2473 390 2600 454 261

796 932 1023 1004 From
1057 931 1328 1026 Bishop
1368 921 1695 1003 Osmwnd
1706 928 1757 1000 ’s
1796 927 2114 1000 Treatise.

1371 1151 1508 1226 civ,

809 1438 910 1485 nn
952 1433 1156 1487 MODO
1204 1435 1686 1486 coNfflclENDI
1736 1434 2085 1482 cmusMA.

380 1643 628 1708 Eodem
682 1643 788 1708 die
842 1645 926 1708 ad
978 1644 1325 1709 introitum
1383 1643 1623 1720 missae,
1672 1641 1993 1727 procedat
2044 1642 2417 1727 episcopus,
2462 1664 2609 1708 cum

294 1748 717 1833 processione
764 1746 1006 1810 festive
1050 1747 1380 1823 ordinata,
1414 1746 1498 1810 ad
1545 1745 1762 1810 altare
1808 1750 1888 1809 ut
1928 1746 1998 1807 in
2042 1745 2197 1809 aliis
2239 1745 2618 1831 duplicibus

290 1851 510 1914 festis.
600 1849 948 1914 Assistant
992 1851 1195 1915 etiam
1243 1850 1304 1913 ei
1358 1848 1501 1914 duae
1547 1849 1630 1911 de
1677 1846 2265 1912 excellentioribus
2311 1850 2618 1931 personis

293 1954 365 2017 in
409 1953 598 2036 capis
645 1953 876 2017 sericis
921 1952 1005 2017 ad
1051 1952 1505 2017 deducendum
1548 1972 1698 2016 eum
1748 1951 1831 2015 ad
1873 1950 2111 2028 altare,
2145 1952 2259 2034 qui
2305 1952 2625 2017 intersint

298 2055 723 2133 confessioni,
769 2077 944 2120 unus
989 2078 1030 2121 a
1067 2056 1345 2130 dextris,
1388 2055 1690 2138 reliquus
1736 2075 1779 2118 a
1823 2053 2139 2129 sinistris,
2185 2054 2352 2118 locis
2397 2059 2622 2120 tamen
2700 2107 2731 2139 ,

293 2156 661 2221 reservatis
706 2156 1054 2242 principali
1100 2156 1381 2220 diacono
1436 2162 1508 2221 et
1557 2154 1986 2230 subdiacono,
2034 2154 2148 2238 qui
2193 2154 2374 2218 facta
2427 2155 2620 2220 abso-

299 2258 556 2323 lutione
609 2259 994 2323 abscedant.
1083 2257 1340 2323 Deinde
1386 2262 1754 2344 peragatur
1799 2257 2149 2320 servitium
2196 2256 2397 2321 solito
2440 2279 2624 2322 more

304 2381 519 2445 usque
559 2362 645 2426 Te
674 2362 913 2446 iqitur.
1724 2350 1730 2355 ⁴

390 2464 724 2551 Episcopo
770 2464 999 2551 itaque
1044 2465 1307 2532 dicente
1364 2467 1451 2530 Te
1496 2465 1738 2550 iyitur,
1786 2464 2179 2528 ordinentur
2218 2462 2511 2529 ministri
2556 2464 2624 2528 in

306 2567 591 2634 ecclesia
619 2574 783 2646 treS,
814 2569 1172 2634 amictibus
1204 2574 1276 2635 et
1304 2569 1478 2634 albis
1519 2574 1783 2634 tantum
1815 2568 2051 2645 induti,
2084 2568 2220 2632 tria
2251 2567 2632 2633 deferentes

306 2670 575 2748 vexilla,
607 2678 679 2737 et
707 2672 822 2737 alii
852 2677 995 2737 tres
1025 2673 1315 2738 ministri
1352 2672 1612 2738 diaconi
1641 2673 1842 2736 simili
1873 2673 2129 2748 habitu,
2156 2672 2374 2736 tribus
2408 2671 2627 2737 sindo-

312 2778 512 2842 nibus
554 2777 893 2861 praecincti
936 2777 1250 2842 humeros
1295 2778 1380 2842 ad
1426 2777 1856 2841 deferendum
1909 2783 2050 2841 tres
2095 2775 2429 2859 ampullas
2481 2776 2631 2840 oleo

312 2878 550 2965 plenas
593 2880 1052 2957 mundissimo,
1084 2900 1282 2945 unam
1329 2879 1411 2943 de
1457 2879 1604 2944 oleo
1649 2879 2084 2954 infirmorum,
2115 2878 2317 2943 aliam
2362 2879 2444 2943 de
2486 2879 2634 2943 oleo

313 2986 567 3059 sanct0,
598 2982 874 3048 tertiam
919 2982 1003 3047 ad
1056 2982 1579 3047 consecrandum
1612 2983 1921 3047 chrisma.
2011 2982 2447 3067 Unaquaeque
2493 3003 2634 3047 am-

316 3083 655 3170 pullarum
715 3084 1139 3149 discretionis
1208 3084 1482 3150 titulum
1542 3085 1790 3150 haheat
1856 3106 2059 3170 super
2119 3106 2191 3148 se
2261 3085 2634 3171 scriptum3

316 3187 555 3271 prima,
602 3187 839 3252 Oleum
881 3188 1320 3264 infirmorum,
1364 3187 1601 3252 Oleum
1648 3194 1973 3265 sanctum,
2021 3187 2348 3253 Chrisma.
2441 3189 2638 3254 Unus

321 3290 525 3355 etiam
586 3291 677 3355 sit
742 3292 813 3356 in
869 3292 1045 3357 albis
1113 3291 1199 3356 ad
1259 3292 1693 3356 deferendum
1761 3291 2266 3356 tabernaculum
2330 3292 2637 3356 sericum.

320 3394 487 3458 Tres
508 3414 766 3479 quoque
787 3395 1234 3459 archidiaconi
1251 3396 1322 3459 in
1342 3395 1526 3479 capis
1548 3394 1800 3471 sericis,
1823 3394 2079 3459 scilicet
2107 3393 2636 3472 archidiaconus,

320 3496 692 3575 Berkesire‚
718 3503 788 3563 ct
814 3498 946 3562 duo
977 3499 1120 3563 vice
1152 3499 1352 3562 unius
1383 3498 1810 3574 Wiltescire3
1858 3498 2101 3563 tertius
2131 3496 2637 3561 archidiaconus

322 3600 650 3678 Dorsete3
697 3602 986 3689 singulis
1035 3603 1338 3690 singulas
1369 3602 1706 3688 ampullas
1735 3601 2167 3687 implentibus
2198 3599 2349 3665 oleo
2378 3621 2422 3665 a
2453 3621 2524 3665 se
2557 3603 2641 3666 ad

322 3704 447 3767 hoc
499 3711 957 3788 comparatas;
1011 3711 1535 3791 percantatoque
1593 3707 1678 3772 Te
1726 3707 1945 3790 iqitur
1996 3724 2205 3788 usque
2254 3706 2375 3768 sed
2425 3706 2640 3768 veniae

324 3827 705 3888 quaesumus
739 3808 1036 3893 largitor
1064 3812 1375 3887 admitte,
1405 3815 1763 3894 antequam
1794 3809 2076 3885 dicatur,
2113 3810 2248 3873 Per
2277 3828 2472 3891 quem
2503 3809 2643 3873 hoec

302 3912 556 3983 *omnia
601 3910 890 3976 Domine
944 3932 1204 3994 semper
1251 3914 1428 3977 bona
1471 3934 1686 3990 creas,
1733 3910 2238 3976 archidiaconus
2283 3910 2643 3976 Berkensis

325 4011 600 4077 accedat
642 4034 763 4098 per
792 4015 1081 4079 medium
1124 4016 1310 4087 chori
1340 4016 1427 4081 ad
1471 4015 1707 4093 altare,
1741 4036 1937 4100 quem
1979 4014 2310 4099 praecedat
2338 4014 2644 4078 minister

326 4114 636 4179 deferens
688 4116 907 4182 oleum
959 4118 1392 4196 infirmorum,
1440 4119 1853 4204 praecedente
1899 4119 2101 4184 etiam
2155 4116 2288 4182 alio
2337 4116 2643 4181 ministro

328 4238 478 4283 cum
510 4218 776 4283 vexillo.

410 4319 670 4393 Deinde
702 4324 1056 4410 episcopus
1087 4330 1194 4390 ter
1239 4324 1455 4390 crucis
1488 4325 1752 4411 signum
1786 4342 1988 4409 super
2033 4320 2396 4407 ampullam
2431 4323 2643 4407 ipsam
