3117 5025
474 341 560 404 96
909 344 1418 410 Reconciliatio
1453 346 1783 412 Ecclesiae
1815 348 1922 413 vel
1957 351 2363 414 C'oemeterz’i.

474 545 581 611 cul
613 546 926 631 pellatur,
956 554 1026 614 et
1069 551 1425 634 praesentia
1455 550 1683 617 Sancti
1727 552 2019 638 Spiritus
2059 552 2582 618 misericordiam
2614 557 2805 616 tuam
2891 597 2914 614 .

471 652 900 735 poscentibus
929 652 1174 737 ubique
1219 655 1456 720 adesse
1487 655 1823 742 dignetur.
1911 657 2044 722 Per
2086 656 2440 724 Dominum
2470 660 2804 721 nostrum.

476 755 558 820 In
589 757 847 822 unitate
879 758 1200 842 ejusdem.

456 881 461 884 ⁷
555 858 826 936 Sequitur
851 861 1154 919 benedictio
1179 861 1309 920 vini

472 974 622 1018 cum
653 954 976 1020 Dominus
1004 956 1368 1021 vobiscum.
1459 957 1768 1023 Oremus.

557 1057 840 1124 Domine
889 1058 1056 1123 Jesu
1109 1057 1394 1137 Christe,
1447 1061 1561 1144 qui
1616 1082 1691 1126 es
1742 1060 1904 1125 vitis
1954 1082 2137 1139 vera,
2190 1060 2435 1146 quique
2484 1060 2557 1124 in
2608 1058 2797 1125 Cana

471 1159 756 1226 Galilaeae
801 1161 1024 1225 vinum
1058 1184 1140 1226 ex
1185 1183 1360 1246 aqua
1401 1162 1663 1240 fecisti3
1710 1164 2084 1248 multiplica
2129 1184 2329 1249 super
2369 1185 2493 1228 nos
2534 1164 2797 1227 miseri-

466 1265 759 1330 cordiam
788 1270 995 1342 tuam‚
1027 1269 1101 1330 et
1125 1265 1472 1353 beneffidic
1513 1271 1717 1350 atque
1751 1266 2173 1348 sancti—{dica
2216 1267 2389 1331 hanc
2421 1272 2800 1331 creaturam

463 1367 621 1447 vini,
667 1373 744 1433 ut
788 1389 992 1454 super
1033 1369 1466 1454 quodcunque
1512 1389 1598 1432 ex
1640 1391 1722 1434 ea
1765 1369 1991 1434 fusum
2034 1369 2264 1447 fuerit,
2309 1370 2548 1434 divinae
2592 1370 2795 1433 bene-

458 1471 776 1535 dictionis
817 1478 950 1536 tuae
1000 1469 1354 1536 dulcedine·
1398 1470 1763 1555 repleatur,
1813 1471 2125 1536 Salvator
2174 1472 2448 1548 mundi‚·
2473 1471 2586 1555 qui
2637 1492 2791 1535 cum

461 1574 604 1638 Deo
636 1575 837 1639 Patre
867 1585 940 1638 et
971 1572 1223 1657 Spiritu
1257 1573 1502 1639 Sancto
1533 1574 1706 1639 vivis
1738 1580 1808 1639 et
1837 1595 2086 1660 regnas
2115 1574 2307 1640 Deus
2337 1596 2478 1661 per.

548 1677 772 1735 Deinde
797 1684 971 1754 ponat
996 1676 1198 1734 vinum
1223 1676 1291 1734 in
1317 1696 1469 1754 aqua
1498 1677 1709 1738 dicens.
2080 1725 2085 1730 .

549 1772 708 1836 Fiat
750 1772 885 1836 haec
917 1770 1295 1836 commixtio
1341 1793 1524 1856 aquae
1555 1777 1628 1836 et
1656 1772 1793 1837 vini
1838 1772 1922 1837 ad
1970 1773 2542 1838 consecrationem
2585 1772 2792 1856 hujus

460 1875 753 1940 ecclesiae
819 1880 889 1939 et
960 1874 1220 1952 altaris,
1285 1876 1366 1939 In
1441 1876 1706 1940 nomine
1774 1876 1998 1941 Patris
2064 1876 2146 1956 ᾧ
2214 1882 2285 1941 et
2351 1875 2512 1939 Filii
2573 1891 2648 1966 ιχ.
2711 1881 2788 1941 et

462 1980 758 2066 Spiritus
790 1986 866 2066 ›1‹
898 1979 1146 2043 Sancti.

541 2084 810 2161 Sequitur
845 2083 1114 2160 praefatio
1156 2103 1326 2161 super
1368 2103 1582 2160 aquam
1628 2081 1761 2141 vino
1807 2081 2067 2155 mixtam,
2109 2075 2232 2159 quoe
2278 2082 2480 2159 absque
2530 2082 2783 2142 Oremus

458 2179 637 2240 altius
664 2178 910 2236 dicatur.

466 2326 471 2334 .
542 2274 759 2339 Deum
816 2275 1086 2348 Patrem
1146 2271 1686 2358 omnipotentem,
1740 2272 1990 2338 fratres
2050 2271 2405 2348 carissimi,
2458 2271 2524 2335 in
2587 2272 2783 2356 cujus

455 2381 650 2445 domo
681 2380 1061 2445 mansiones
1088 2378 1313 2443 multae
1345 2382 1520 2455 sunt,
1555 2377 1889 2463 supplices
1930 2378 2382 2463 deprecamur,
2414 2383 2492 2441 ut
2520 2378 2788 2443 habita-

457 2484 679 2550 culum
702 2484 882 2549 istud
911 2481 1060 2568 (vel
1081 2481 1326 2567 altare)
1348 2481 1739 2548 benedicere
1760 2472 1838 2549 *1⁴
1859 2487 1925 2547 et
1950 2481 2286 2546 custodire
2310 2481 2371 2545 di
2378 2486 2645 2566 gnetur,'
2661 2503 2794 2567 per

455 2588 909 2673 aspersionem
953 2587 1158 2670 hujus
1202 2607 1389 2669 aquae
1436 2607 1584 2657 cum
1627 2585 1783 2650 vino
1828 2585 2072 2663 mixtae,
2104 2591 2181 2649 ut
2225 2587 2539 2650 tenebras
2583 2587 2669 2650 ab
2700 2608 2788 2651 eo

450 2697 742 2781 repellat
770 2702 841 2760 et
868 2695 1092 2759 lumen
1126 2694 1454 2770 infundat,
1487 2694 1741 2759 nullam
1774 2695 2074 2759 saevienti
2105 2694 2493 2759 adversario
2523 2695 2789 2761 tribuat

451 2804 880 2885 potestatem,
912 2798 1026 2862 sed
1072 2797 1344 2882 propria
1375 2798 1462 2862 sit
1494 2798 1731 2863 domus
1772 2798 1920 2875 Dei,
1953 2803 2024 2862 et
2051 2797 2305 2862 nullam
2351 2798 2420 2862 in
2453 2820 2535 2863 ea
2561 2799 2786 2862 inimi-

455 2925 572 2968 cus
603 2903 851 2967 habeat
877 2901 1215 2965 licentiam
1245 2901 1544 2965 nocendi.

530 3004 862 3065 Benedictio
889 3024 1050 3080 aquoe
1075 3024 1204 3062 cum
1229 3004 1362 3063 vino
1387 3004 1599 3062 mioetae.

546 3104 809 3167 Oratio·
900 3098 1204 3163 OremuS.
2106 3172 2113 3178 ,

537 3204 973 3288 Omnipotens
1025 3202 1426 3286 sempiterne
1478 3200 1683 3277 Deus,
1726 3200 2007 3266 Creator
2049 3205 2120 3266 et
2171 3205 2601 3266 conservator
2649 3202 2778 3265 hu-

448 3309 627 3374 mani
657 3307 943 3394 generis,
976 3311 1045 3370 et
1072 3306 1268 3370 dator
1295 3306 1527 3391 gratiae
1560 3305 1953 3388 spiritualiS,
1978 3309 2176 3388 atque
2205 3304 2489 3390 largitor
2516 3310 2784 3372 aeternae

447 3413 710 3488 salutis,
740 3411 932 3475 mitte
980 3409 1301 3494 Spiritum
1345 3414 1534 3474 tuum
1584 3409 1901 3474 Sanctum
1951 3429 2154 3493 super
2195 3409 2320 3472 hoc
2366 3409 2589 3473 vinum
2621 3431 2779 3474 cum

445 3541 620 3604 aqua
664 3524 734 3582 et
777 3518 995 3581 cinere
1041 3516 1344 3591 mixtum,
1377 3521 1453 3579 ut
1497 3519 1835 3579 armatum
1879 3514 2171 3579 coelestis
2219 3514 2604 3578 defensione
2635 3515 2777 3578 vir-

444 3621 633 3696 tutis,
666 3620 747 3683 ad
781 3618 1350 3682 consecrationem
1383 3618 1587 3700 hujus
1618 3615 1912 3680 ecclesiae
1946 3621 2013 3681 et
2045 3616 2283 3681 altaris
2315 3617 2413 3680 tui
2445 3615 2780 3700 proficiat.

445 3726 576 3789 Per
604 3721 982 3786 Dominum.
1072 3720 1149 3783 In
1183 3719 1443 3782 unitate
1476 3718 1794 3802 ejusdem.

523 3824 731 3884 Finita
772 3822 1162 3892 benedictione,
1193 3821 1248 3879 si
1271 3821 1499 3879 ecclesia
1538 3822 1633 3892 sit,
1662 3821 1970 3879 circumeat
2010 3819 2299 3898 episcopus
2335 3819 2514 3877 tribu-3
2553 3819 2778 3879 vicibus

441 3929 795 3996 intrinsecus,
836 3932 921 3981 ter
953 3923 1272 4000 sparyendo
1310 3943 1523 3999 aquam
1560 3922 1904 3980 benedictam
1946 3943 2075 3981 cum
2114 3921 2248 3993 sale,
2293 3920 2495 3993 cinere,
2525 3929 2575 3979 et
2614 3922 2774 3995 vino,

435 4024 632 4104 primo
649 4042 757 4100 per
788 4018 1200 4098 pavimentum,
1228 4018 1467 4076 secundo
1492 4018 1559 4076 in
1599 4018 1808 4089 medio,
1840 4018 2004 4075 tertio
2043 4017 2111 4074 in
2148 4016 2475 4074 summitate
2502 4017 2778 4094 parietis,

443 4129 507 4179 ut
545 4137 722 4196 supra
751 4115 816 4172 in
854 4112 1213 4171 dedicatione
1249 4112 1504 4185 ecclesiae,
1534 4133 1603 4171 ac
1635 4113 1926 4190 praecipue
1966 4112 2033 4170 in
2061 4112 2175 4170 loco
2215 4111 2642 4183 contaminato;
2682 4112 2779 4170 in-

443 4212 658 4291 cipiens
685 4207 930 4288 qualibet
956 4206 1073 4265 vice
1100 4206 1170 4264 ab
1206 4205 1482 4264 occidente
1500 4228 1609 4285 per
1635 4207 1854 4264 boream
1886 4205 1964 4263 ad
1994 4213 2221 4283 partem
2246 4203 2574 4262 orientalem
2600 4225 2776 4282 usque

440 4311 583 4367 dum
610 4305 798 4364 redeat
818 4323 925 4381 per
948 4301 1247 4360 sinistram
1273 4301 1338 4358 in
1366 4302 1700 4360 occidentem
1730 4301 1810 4357 ad
1838 4300 2018 4358 locum
2046 4321 2154 4376 quo
2180 4299 2470 4376 inceperit.
2552 4297 2774 4359 Eodem
