3117 5025
511 400 636 464 104
1029 404 1468 471 consecratio
1500 406 1758 471 altaris
1787 406 1933 470 eine
1963 403 2299 470 Ecclesia.

738 770 1386 854 [CONSECRATIO
1427 774 1815 883 ALTARIS
1859 773 2070 839 SINE
2113 772 2602 860 EOOLESIA]

591 1045 694 1104 Aa
717 1046 1181 1107 comem-ationem
1205 1047 1412 1107 attaris
1431 1049 1552 1107 m
1577 1048 1820 1110 ecclesia.
1902 1047 2195 1127 Inprimis
2211 1055 2605 1126 praepamam
2627 1023 2827 1105 omnia

513 1162 637 1219 quoe
663 1142 743 1200 ad
767 1143 1226 1203 oomeorationem
1265 1144 1470 1202 altaris
1496 1152 1627 1203 sunt
1663 1145 1999 1217 necessaria,
2025 1144 2281 1203 videlioet
2318 1144 2424 1215 sal,
2452 1163 2623 1220 aqua,
2654 1142 2825 1215 cinis,

510 1237 728 1309 vinum,
775 1237 1059 1315 hyssopus,
1106 1238 1330 1315 majora
1373 1258 1561 1314 yrana
1607 1238 1843 1310 incensi,
1887 1246 1939 1297 et
1984 1239 2229 1317 quinque
2273 1257 2458 1297 cruces
2498 1237 2567 1295 de
2612 1236 2828 1313 yraoili
2903 1304 2916 1316 ι

509 1331 746 1390 candela
754 1330 948 1408 factoe,
979 1332 1160 1392 olewm
1184 1340 1459 1404 sanctum,
1489 1340 1540 1391 et
1566 1332 1794 1391 misma.

585 1425 704 1484 His
740 1428 983 1504 peractis
1012 1426 1286 1504 procedat
1310 1427 1598 1505 episcopus
1636 1426 1705 1485 in
1740 1426 1889 1484 hwnc
1926 1424 2177 1485 modum.
2256 1424 2465 1484 Primo
2489 1430 2648 1483 extra
2686 1443 2824 1482 ean-

505 1520 707 1579 cellum
744 1521 1043 1593 induatur,
1084 1521 1316 1593 amictu,
1344 1521 1494 1593 alba,
1532 1521 1694 1592 stola,
1740 1528 1790 1578 et
1816 1519 2053 1597 fanone,
2094 1539 2224 1578 cum
2261 1519 2517 1596 simplici
2554 1518 2733 1576 mitra
2772 1525 2825 1576 et

505 1616 702 1674 baculo
737 1613 1018 1693 pastorali
1034 1635 1060 1687 ,·
1098 1621 1150 1673 et
1175 1613 1317 1673 dum
1353 1635 1410 1673 se
1433 1614 1632 1674 induit
1669 1614 1956 1693 episcopus
1990 1613 2148 1673 dicat
2164 1613 2415 1692 psalmos
2449 1620 2515 1671 ut
2538 1631 2717 1690 supra
2755 1612 2824 1669 in

507 1709 881 1768 Dedieatione
908 1708 1202 1767 Ecclesiae.

485 1823 492 1829 ·
593 1805 719 1868 Ps.
808 1803 851 1868 J
853 1804 1048 1869 udiea
1089 1823 1196 1867 me
1247 1801 1452 1868 Deus.
1539 1804 1662 1868 Pe.
1749 1803 1961 1888 Quam
2004 1803 2271 1868 dilecta.
2357 1805 2475 1870 Ps.
2565 1802 2825 1868 lnelina

511 1906 817 1971 Domine.
902 1907 1024 1971 Pe.
1113 1906 1456 1971 Memento
1513 1905 1799 1970 Domine
1857 1904 2095 1971 David.
2182 1906 2302 1970 Pe.
2389 1906 2561 1971 Eece
2619 1926 2823 1989 quam

510 2010 777 2074 bonum.
865 2030 1015 2074 oum
1045 2010 1444 2091 antiphona.
1535 2009 1731 2086 Veni,
1754 2008 2058 2088 Domine,
2081 2008 2358 2074 visitare
2385 2030 2509 2075 nos
2538 2009 2609 2072 in
2636 2028 2823 2093 paee,

513 2117 592 2177 ut
621 2110 920 2177 laetemur
948 2132 1173 2177 coram
1201 2117 1271 2177 te
1301 2112 1499 2178 eorde
1528 2112 1851 2198 perfeeto.

601 2215 814 2298 Kyrie
845 2214 1120 2280 eleison.

543 2369 555 2380 .
599 2316 867 2383 Christe
898 2316 1173 2382 eleison.

601 2420 812 2504 Kyrie
843 2418 1118 2484 eleison.

598 2525 805 2590 Pater
833 2529 1086 2589 noster.

599 2626 690 2691 Et
717 2648 801 2691 ne
831 2646 975 2691 noe.

599 2729 893 2795 Ostende
923 2728 1137 2805 nobis,
1167 2725 1475 2802 Domine,
1505 2725 2026 2791 misericordiam
2058 2730 2264 2804 tuam,

602 2834 694 2898 Et
725 2832 1021 2898 salutare
1051 2837 1242 2897 tuum
1272 2829 1359 2894 da
1386 2829 1602 2894 nobis.

603 2939 772 3003 Esto
801 2937 1016 3012 nobie,
1045 2935 1351 3012 Domine,
1380 2936 1591 3000 turris
1619 2935 2055 3012 fortitudinia,

601 3043 666 3107 A
694 3040 865 3105 faeie
894 3038 1163 3102 inimici.

604 3141 764 3207 Non
792 3141 1005 3218 nobis,
1035 3138 1340 3216 Domine,
1370 3160 1504 3203 non
1535 3139 1749 3218 nobis,

607 3246 737 3311 Sed
766 3244 1015 3309 nomini
1047 3248 1165 3308 tuo
1195 3242 1282 3307 da
1309 3241 1615 3327 gloriam.

605 3350 843 3415 Salvos
871 3348 980 3412 fae
1013 3364 1242 3411 servos
1271 3351 1427 3409 tuos
1457 3348 1527 3408 et
1556 3343 1837 3408 ancillas
1866 3349 2042 3421 tuas,

603 3454 789 3518 Deus
817 3469 1028 3527 meus,
1061 3451 1409 3535 sperantes
1438 3447 1508 3510 in
1539 3451 1630 3511 te.

603 3556 909 3631 Domine,
940 3551 1183 3618 exaudi
1213 3549 1583 3615 orationem
1613 3568 1851 3612 meam.

604 3659 699 3724 Et
727 3657 981 3723 elamor
1008 3673 1199 3719 meus
1228 3652 1316 3718 ad
1344 3655 1414 3717 te
1445 3652 1695 3718 veniat.

598 3759 925 3824 Dominus
955 3755 1317 3820 vobiscum.

603 3862 696 3927 Et
723 3881 875 3925 eum
904 3858 1149 3943 spiritu
1178 3860 1318 3922 tuo.

601 3965 906 4030 Oremus.
1905 4034 1912 4043 ,

604 4068 869 4133 Oratio.
955 4063 1277 4129 Actiones
1328 4066 1620 4139 nostras,
1672 4083 2071 4147 quaesumus‚
2119 4063 2420 4142 Domine,
2468 4066 2827 4152 aspirando

512 4168 796 4256 praeveni
844 4170 917 4233 et
964 4165 1341 4248 adjuvando
1385 4184 1807 4250 prosequere,
1854 4170 1925 4230 et
1972 4167 2460 4232 interveniente
2505 4170 2708 4234 beata
2759 4177 2830 4235 et

511 4272 806 4358 gloriosa
854 4291 1114 4356 semper
1159 4267 1413 4354 virgine
1458 4267 1585 4331 Dei
1630 4266 1951 4353 genitrice
1999 4267 2219 4334 Maria
2263 4290 2409 4332 eum
2459 4275 2690 4335 saneto
2735 4271 2829 4336 N.

3069 1087 3077 1200 4

3067 1215 3077 1638 1
