3117 5025
496 397 573 464 1-7
579 400 619 462 6
1127 399 1653 464 Benedictiones
1684 398 2161 483 Episcopalee.

887 768 1673 893 -tssltNEolcrloNEs
1714 802 2371 890 EPISOOPALES.]

491 972 496 983 ἴ
535 980 538 983 Δ
562 1007 642 1065 In
668 976 883 1066 Natali
906 1007 1082 1067 unius
1108 1007 1194 1068 vel
1207 946 1603 1087 plurimorum
1628 946 2028 1091 fflwkmn.
2155 982 2165 987 -
2258 982 2263 987 .
2367 949 2377 961 ι

495 1178 500 1185 ’
570 1187 778 1266 Deus,
808 1188 924 1273 qui
961 1208 1074 1277 vos
1104 1187 1173 1253 in
1214 1187 1608 1275 apostolicis
1636 1176 1879 1255 tribuit
1908 1188 2278 1255 consistere
2322 1187 2801 1268 fundamentis,

480 1290 875 1356 benedicere
905 1288 1036 1356 vos'
1070 1276 1389 1378 dignetur
1416 1292 1602 1377 beati
1646 1291 1938 1378 apostoli
1972 1292 2076 1358 sui
2106 1292 2197 1358 N.
2227 1291 2802 1379 intercedentibus

481 1395 763 1459 meritis.
851 1396 1088 1460 Amen.
1580 1389 1593 1395 ’
2614 1395 2623 1399 ’
2764 1394 2773 1400 ’

567 1496 1038 1582 Defendatque
1083 1516 1206 1562 vos
1258 1518 1301 1562 a
1341 1497 1604 1563 cunctis
1656 1497 1962 1564 adversis
2012 1496 2404 1584 apostolicis
2445 1497 2799 1584 praesidiis,

478 1600 594 1685 qui
642 1622 764 1666 vos
804 1621 1034 1666 eorum
1083 1599 1301 1666 voluit
1340 1601 1569 1667 ornari
1609 1607 1682 1668 et
1714 1602 2057 1668 munerari
2095 1599 2424 1687 exemplis
2471 1607 2544 1668 et
2589 1600 2791 1668 docu-

477 1703 746 1768 mentis.
835 1704 1074 1769 Amen.

564 1805 709 1891 Quo
751 1826 876 1892 per
903 1808 1054 1893 ejus
1097 1807 1648 1873 intercessionem
1690 1806 2108 1892 perveniatis
2137 1805 2222 1872 ad
2269 1810 2533 1872 aeternae
2561 1810 2796 1892 patrioe

474 1908 916 1975 hereditatem
960 1932 1082 1996 per
1109 1931 1393 1997 quorum
1423 1909 1795 1976 doctrinam
1835 1909 2086 1976 tenetis
2125 1909 2281 1975 fidei
2311 1910 2790 1997 integritatem.

478 2014 714 2076 Amen.

561 2113 747 2199 Quod
779 2114 947 2200 ipse.

553 2317 638 2377 In
664 2318 880 2378 Natali
902 2320 1080 2380 unius
1106 2322 1401 2401 martyris.
1482 2319 1841 2381 Benedictio.

560 2520 757 2586 Beati
787 2519 1107 2605 martyris
1136 2519 1239 2585 tui
1269 2519 1358 2585 N.
1388 2519 1872 2586 intercessione
1903 2540 2025 2584 vos
2055 2517 2383 2583 Dominus
2412 2520 2790 2601 benedicat,

473 2628 543 2689 et
574 2625 658 2688 ab
690 2623 870 2688 omni
900 2622 1080 2689 malo
1111 2642 1376 2706 semper
1403 2622 1740 2687 defendat.
1827 2622 2065 2686 Amen.

558 2727 899 2792 Extendat
953 2726 1024 2790 in
1084 2745 1205 2790 vos
1263 2724 1611 2791 dexteram
1674 2745 1806 2789 suae
1867 2722 2388 2810 propitiationis,
2448 2724 2563 2808 qui
2630 2747 2785 2792 eum

475 2830 774 2916 suscepit
798 2850 922 2915 per
952 2826 1282 2914 supplicia
1307 2828 1671 2914 passionis.
1760 2829 1998 2893 Amen.

559 2933 702 3019 Quo
733 2932 881 3016 ejus
924 2930 995 2994 in
1027 2930 1189 2996 coelo
1233 2930 1624 2995 mereamini
1668 2930 1921 2996 habere
1965 2929 2397 3005 consortium,
2429 2929 2624 3014 cujus
2668 2932 2785 2997 de-

472 3036 650 3102 votis
678 3033 1016 3098 mentibus
1044 3033 1115 3098 in
1145 3036 1333 3098 terra
1361 3031 1723 3098 celebratis
1751 3033 2187 3119 triumphum.
2275 3034 2512 3097 Amen.

557 3136 745 3223 Quod
774 3136 942 3221 ipse.

545 3325 591 3384 I
586 3346 627 3384 n
652 3322 873 3383 Natali
894 3322 1279 3403 plurimorum
1306 3331 1644 3403 manymm.
1728 3323 2084 3385 Benedictio.

552 3521 919 3590 Benedicat
962 3544 1082 3588 vos
1129 3522 1322 3590 Deus
1362 3526 1716 3590 beatorum
1767 3526 2133 3608 martyrum
2183 3541 2456 3587 suorum
2503 3521 2589 3587 N.
2638 3524 2781 3588 suf·-

464 3627 722 3712 fragiis‚
753 3633 827 3691 et
853 3626 1100 3691 liberet
1128 3627 1213 3691 ab
1244 3627 1773 3694 adversitatibus
1801 3626 2083 3691 cunctis.
2172 3626 2410 3690 Amen.

551 3729 983 3796 Commendet
1042 3750 1162 3795 vos
1229 3752 1456 3796 eorum
1516 3729 1912 3796 intercessio
1979 3728 2295 3816 gloriosa,
2357 3747 2637 3814 quorum
2707 3727 2782 3796 in

465 3837 827 3916 conspectu
857 3831 1006 3916 ejus
1036 3836 1144 3898 est
1171 3853 1354 3899 mors
1382 3834 1702 3919 pretiosa.

550 3933 650 4000 Ut
680 3933 857 3997 sicut
885 3932 989 3996 illi
1020 3954 1143 4018 per
1171 3934 1439 4001 diversa
1465 3940 1953 4002 tormentorum
1986 3954 2237 4023 genera
2264 3931 2555 3999 coelestis
2584 3935 2784 4018 regni

463 4041 622 4101 sunt
668 4035 893 4100 sortiti
937 4034 1408 4113 hereditatem,
1448 4037 1547 4103 ita
1591 4060 1714 4105 vos
1763 4037 2153 4104 mereamini
2197 4035 2607 4103 consortium
2654 4056 2779 4120 per

460 4141 781 4204 bonorum
813 4158 1089 4222 operum
1124 4139 1622 4206 exhibitionem.
1713 4143 1946 4208 Amen.

548 4240 734 4327 Quod
765 4240 932 4325 ipse.
