3117 5025
885 429 1283 492 Benedictio
1314 427 1578 508 lapidis
1599 423 2017 506 portabilis.
2496 408 2628 480 129

365 629 489 692 Pe.
580 631 662 696 In
688 631 971 697 Domino
1001 633 1287 697 confido.

357 729 666 807 Hocfacto
689 733 847 791 dicat
872 735 1163 811 episcopus
1183 732 1582 816 praefationem
1607 731 1732 790 sine
1764 730 2045 790 Oremus.

374 827 645 891 Oratio.
720 829 845 892 Dei
866 830 1089 893 Patris
1109 830 1588 912 omnipotentis
1610 826 2141 891 misericordiam
2165 822 2620 907 deprecemur,

274 927 703 994 dilectissimi
746 932 1017 1006 fratres,
1060 938 1136 995 ut
1182 933 1354 996 hanc
1397 931 1700 996 tabulam
1756 928 2106 994 sacrificiis
2152 925 2622 1012 spiritualibus

276 1033 823 1108 consecrandum,
854 1041 1095 1098 nostrae
1145 1036 1324 1097 vocis
1370 1040 1692 1099 exoratus
1737 1034 1978 1107 officio,
2010 1030 2331 1117 praesenti
2362 1029 2614 1110 beneq<

274 1132 569 1198 dictione
613 1136 1084 1222 sanctifflficet,
1118 1144 1188 1201 et
1220 1139 1287 1199 in
1328 1158 1408 1200 eo
1456 1157 1728 1220 semper
1771 1134 2156 1199 oblationes
2206 1130 2615 1196 famulorum

277 1257 555 1300 suorum
609 1239 832 1302 studio
888 1247 1134 1304 sanctae
1181 1239 1558 1303 devotionis
1612 1239 1972 1322 impositas
2022 1234 2495 1316 beneffldicere
2542 1237 2614 1297 et

280 1339 784 1422 sanctifflficare
809 1342 1144 1426 dignetur,
1171 1348 1246 1406 ut
1278 1341 1619 1425 spirituali
1649 1342 1962 1426 placatus
1986 1341 2283 1414 incense,
2309 1335 2615 1422 precanti

280 1441 556 1506 familiae
618 1464 751 1507 suae
809 1452 1159 1528 promptus
1220 1443 1576 1508 exauditor
1631 1444 1937 1507 assistat.
2056 1442 2187 1505 Per
2254 1438 2616 1503 Dominum

281 1551 592 1608 nostrum
621 1545 665 1609 J
670 1567 858 1609 esum
899 1546 1239 1610 Christum
1272 1546 1516 1610 Filium
1562 1566 1781 1622 suum,
1816 1544 1931 1630 qui
1961 1564 2111 1609 cum
2145 1564 2224 1607 eo
2259 1547 2328 1609 et
2360 1540 2618 1626 Spiritu

289 1646 537 1712 Sancto
568 1648 738 1713 vivit
765 1656 836 1713 et
862 1656 1106 1735 regnat
1133 1648 1340 1713 Deus.
1429 1650 1580 1713 Per.
1608 1647 1613 1653 ’

390 1749 694 1815 oremus·

374 1858 752 1920 Diacomw.
840 1857 1221 1923 Flectamus
1251 1880 1493 1943 genua.
1581 1857 1857 1923 Levate.

382 1963 648 2026 Oratio.
736 1963 1039 2040 Domine,
1085 1973 1315 2029 sancte
1364 1965 1585 2040 Pater,
1633 1966 2056 2048 omnipotens
2101 1970 2348 2028 aeterne
2403 1961 2617 2040 Deus,

283 2063 583 2128 clemens
635 2071 704 2129 et
762 2067 1091 2150 propitius
1150 2088 1385 2151 preces
1444 2067 1851 2131 humilitatis
1912 2071 2157 2130 nostrae
2220 2066 2486 2142 exaudi,
2540 2070 2614 2130 et

279 2166 545 2249 respice
591 2166 795 2250 hujus
825 2169 1067 2232 tabulae
1098 2169 1583 2244 holocaustum,
1618 2169 1792 2252 quod
1824 2190 1957 2231 non
1987 2169 2141 2252 igne
2174 2168 2427 2233 visibili
2458 2187 2612 2252 pro-

280 2273 502 2346 betur,
536 2272 652 2335 sed
683 2273 974 2337 infusum
1011 2275 1299 2358 Spiritus
1335 2275 1562 2338 Sancti
1607 2275 1832 2358 gratia
1872 2275 1940 2336 in
1975 2274 2243 2336 odorem
2278 2279 2408 2336 tuae
2455 2294 2613 2337 sua-

280 2374 521 2438 vitatis
574 2375 912 2451 ascendat,
961 2382 1031 2440 et
1080 2376 1377 2460 legitime
1434 2398 1505 2440 se
1562 2377 1984 2440 sumentibus
2040 2375 2451 2439 eucharistia
2501 2375 2612 2438 hic

261 2475 702 2541 ‚medicabilis
761 2478 901 2554 fiat,
964 2484 1033 2542 et
1093 2478 1444 2544 advitam
1507 2479 1813 2563 proficiat
1875 2480 2374 2563 sempiternam.
2480 2477 2613 2542 Per

285 2578 572 2642 eundem
602 2578 959 2643 Dominum
990 2588 1317 2646 nostrum.
1408 2582 1489 2645 ln
1519 2582 1780 2646 unitate
1812 2581 2132 2664 ejusdem.

379 2682 562 2744 Alia
592 2686 821 2746 oratio
852 2706 1001 2747 cum
1034 2684 1335 2748 Oremus.

269 2788 274 2794 '
379 2782 729 2867 Supplices
788 2784 931 2860 tibi,
995 2785 1275 2849 Domine
1342 2785 1548 2862 Deus,
1609 2785 1817 2851 Pater
1878 2785 2320 2869 omnipotens,
2379 2806 2612 2871 preces

284 2885 713 2962 effundimuS‚
763 2892 840 2949 ut
890 2886 1147 2951 metalli
1198 2888 1402 2970 hujus
1455 2888 1818 2972 expolitam
1877 2888 2250 2964 materiam,
2305 2889 2616 2973 supernis

287 2987 635 3051 sacrificiis
665 2988 1086 3052 imbuendam
1119 2990 1263 3074 ipse
1292 2995 1421 3053 tuae
1453 2989 1685 3053 dotare
1733 2989 2279 3053 sanctificationis
2308 2991 2617 3055 ubertate

283 3089 605 3174 digneris,
658 3092 773 3173 qui
816 3091 1149 3173 quondam
1210 3091 1545 3175 scripsisti
1599 3091 1885 3177 lapideis
1934 3091 2154 3176 legem
2211 3093 2305 3155 in
2342 3092 2615 3157 tabulis.

286 3195 721 3256 terminando
751 3203 1021 3257 secrete.
1110 3194 1239 3257 Per
1267 3194 1624 3258 Dominum
1669 3200 1971 3257 nostrum
2001 3193 2045 3257 J
2049 3216 2235 3258 esum
2270 3193 2613 3261 Christum

282 3294 530 3360 Filium
575 3301 787 3359 tuum.
876 3295 1003 3381 Qui
1044 3303 1264 3361 tecum
1311 3297 1479 3361 vivit
1508 3302 1580 3361 et
1622 3301 1884 3382 regnat,
1914 3294 1983 3359 in
2014 3296 2272 3361 unitate
2320 3295 2614 3381 Spiritus

284 3397 517 3463 Sancti
545 3396 749 3463 Deus.

306 3556 324 3566 ἡ

308 3569 1869 3603 *mn-¹...—

593 3605 2308 3672 fflu--rm

374 3708 511 3772 Per
568 3710 750 3772 omni
782 3746 811 3760 -·
841 3731 883 3773 a
947 3711 1253 3777 sae-cu-la
1313 3710 1616 3776 sae-cu-lo
1648 3746 1676 3760 -
1705 3730 1876 3775 rum.
1966 3711 2030 3775 A
2060 3747 2089 3760 -
2117 3731 2296 3775 men.

364 4316 460 4381 Et
507 4338 655 4380 cum
707 4317 1016 4401 spi-ri-tu
1069 4322 1147 4382 tu
1177 4357 1204 4369 -
1236 4340 1299 4385 0.
1764 4335 1773 4341 ·
2265 4338 2300 4362 ι,
2358 4326 2371 4337 ·

455 4418 676 4484 Pont.
720 4418 804 4482 16
943 4421 952 4427 ’
