3117 5025
701 406 1096 471 Benedictio
1128 405 1343 482 Salio,
1378 407 1622 488 Aquoe,
1660 406 1927 470 cineris
1959 413 2024 469 et
2067 404 2249 468 Vini.
2518 405 2642 472 197

407 608 712 676 Oremus.

403 712 589 778 Deus
634 717 902 778 creator
931 718 1002 778 et
1048 716 1483 778 conservator
1528 712 1803 778 humani
1847 712 2140 799 generis,
2169 711 2369 777 dator
2409 711 2646 799 gratiae

319 816 719 901 spiritualia,
743 816 1034 902 largitor
1056 821 1316 880 aeternae
1342 815 1624 881 salutis:
1669 821 1766 894 tu,
1786 814 2092 893 Domine,
2112 815 2305 882 mitte
2333 816 2650 880 Sanctum

324 919 647 1004 Spiritum
693 924 882 983 tuum
937 940 1144 1004 super
1187 919 1725 983 commixtionem
1770 918 1975 1001 hujus
2019 918 2160 983 vini
2205 924 2279 984 et
2321 939 2530 1002 aquae,
2575 923 2655 984 ut

318 1029 586 1094 armata
617 1016 866 1088 virtute
899 1022 1193 1087 coelestis
1236 1022 1666 1099 defensionis,
1698 1021 1784 1087 ad
1830 1022 2401 1087 consecrationem
2446 1022 2651 1106 hujus

319 1126 616 1192 ecclesiae
650 1132 722 1190 et
750 1124 1012 1202 altaris,
1041 1125 1230 1209 (vel)
1260 1125 1616 1191 coemcterii
1646 1124 1975 1210 proficiat.
2063 1125 2194 1189 Per
2222 1123 2600 1188 Dominum.

441 1231 707 1296 Oratio.
826 1226 1113 1293 Domine
1176 1227 1382 1306 Deus,
1446 1249 1567 1292 rex
1628 1228 2099 1293 universarum
2154 1227 2520 1293 coelcstium
2582 1236 2652 1291 et

321 1332 745 1399 terrestrium
814 1338 1301 1407 creaturarum,
1363 1331 1477 1415 qui
1538 1330 1622 1396 de
1690 1330 1855 1396 coelo
1914 1331 2342 1407 descendisti,
2402 1335 2476 1396 et
2530 1352 2654 1416 per

323 1435 797 1520 mysteriorum
829 1439 1097 1500 tuorum
1132 1455 1382 1500 arcana
1411 1434 1710 1500 ecclesiae
1740 1439 1873 1500 tuae
1902 1435 2035 1498 iter
2064 1435 2146 1498 ad
2179 1433 2379 1498 coelos
2423 1454 2652 1499 ascen·

321 1539 521 1604 dendi
591 1539 955 1624 praebuisti,
1024 1539 1270 1623 quique
1337 1539 1518 1603 inter
1584 1544 1815 1604 cetera
1879 1538 2247 1603 coelestium
2316 1538 2651 1604 terribilia

321 1642 796 1726 mysteriorum
829 1641 1176 1718 miracula,
1199 1641 1402 1706 etiam
1435 1663 1517 1707 ex
1550 1642 1820 1728 proprio
1846 1641 2059 1706 latere
2092 1640 2338 1706 undam
2372 1643 2643 1727 sangui-

323 1754 430 1818 nis
480 1756 552 1816 et
609 1773 799 1835 aquae
850 1752 935 1815 ob
993 1752 1366 1816 animarum
1419 1756 1805 1816 nostrarum
1867 1751 2193 1816 medelam
2247 1751 2645 1835 profluxisse

324 1856 733 1943 permisisti;
781 1855 1091 1932 concede,
1123 1876 1523 1940 quaesumus,
1556 1861 1635 1921 ut
1678 1856 1804 1920 hac
1836 1856 2000 1921 salis
2030 1861 2101 1921 et
2145 1856 2391 1921 cineris
2419 1863 2654 1922 sancta

325 1961 626 2025 mixtura
668 1959 737 2022 in
790 1959 942 2023 vino
988 1980 1140 2023 cum
1187 1960 1366 2024 unda
1410 1960 1842 2044 baptismatis
1895 1960 2148 2025 coelesti
2191 1961 2652 2026 benedictione

328 2064 614 2129 ecclesia
642 2068 763 2129 tua
794 2070 864 2126 et
891 2062 1113 2128 altare
1159 2069 1650 2142 consecrentur,
1684 2071 1752 2130 et
1782 2065 1865 2129 ad
1896 2071 2142 2131 nostrae
2170 2066 2652 2151 redemptionis

324 2167 896 2233 confirmationem
945 2171 1340 2233 consecrata
1368 2168 1774 2254 pertineant.
1865 2169 1996 2232 Per
2023 2173 2114 2246 te,
2145 2169 2311 2234 Jesu
2357 2169 2646 2247 Christe,

327 2271 443 2357 qui
475 2292 628 2336 cum
658 2271 883 2334 Patre.
