3117 5025
493 379 623 443 222
1278 381 1680 447 Benedictio
1711 376 2015 462 Reqinoe.

1125 773 1707 857 [BENEDIO'I'IO
1748 772 2172 857 REGINAE.]

581 979 986 1044 Benedictio
1016 981 1272 1064 reyinoe
1300 980 1600 1045 dicenda
1628 981 1704 1042 in
1747 979 2061 1062 inqu-essu
2091 972 2409 1047 eccleeioe,
2440 968 2809 1034 secundum

495 1082 805 1144 ordinem
836 1082 1243 1145 Romanum.

585 1183 1021 1268 Omnipotens
1047 1182 1455 1267 sempiterne
1485 1180 1693 1258 Deus,
1715 1181 1868 1244 fons
1900 1183 1972 1246 et
2002 1178 2190 1263 origo
2219 1174 2438 1241 totius
2466 1166 2811 1242 bonitatis,

497 1286 611 1372 qui
653 1287 946 1351 foeminei
1000 1305 1202 1350 sexus
1254 1285 1698 1371 fragilitatem
1749 1301 2174 1367 nequaquam
2227 1274 2647 1362 reprobando
2699 1271 2815 1386 ad:

499 1389 815 1466 versaris,
849 1389 965 1453 sed
997 1388 1359 1474 dignanter
1403 1386 1893 1471 comprobando
1938 1383 2272 1470 propitius
2317 1378 2555 1465 eligis;
2600 1380 2671 1439 et
2700 1393 2818 1457 qui

496 1492 763 1555 infirma
790 1491 1022 1555 mundi
1054 1492 1383 1577 eligend0,
1412 1492 1619 1555 fortia
1658 1510 1934 1575 quaeque
1980 1485 2382 1553 confundere
2413 1476 2772 1545 decrevisti
2797 1498 2816 1552 3

500 1594 749 1679 quique
801 1594 1032 1679 gloriae
1081 1594 1491 1678 virtutisque
1532 1599 1666 1657 tuve
1717 1592 2158 1675 triumphum,
2204 1588 2273 1652 in
2321 1605 2529 1650 manu
2573 1581 2617 1646 J
2622 1579 2812 1645 udith

501 1696 782 1760 foeminoe
829 1695 989 1760 olim
1039 1696 1082 1761 J
1087 1696 1332 1761 udaicae
1374 1696 1556 1780 plebi
1601 1695 1683 1759 de
1730 1695 1924 1759 hoste
1971 1690 2337 1776 saevissimo
2383 1687 2731 1771 resignare
2778 1681 2814 1718 ⁴*

498 1798 816 1875 voluisti3
876 1799 1157 1884 respice,
1210 1818 1613 1884 quaesumus,
1661 1817 1894 1884 preces
1954 1793 2361 1859 humilitatis
2419 1794 2685 1864 nostrae,
2745 1788 2815 1848 et

501 1922 702 1986 super
749 1903 921 1966 hanc
972 1901 1295 1966 famulam
1345 1907 1532 1966 tuam
1583 1902 1652 1966 N
1658 1949 1695 1977 .,
1743 1921 1941 1985 quam
1996 1897 2279 1983 supplici
2331 1892 2686 1959 devotione
2738 1889 2810 1951 in

499 2005 803 2090 reginam
871 2005 1203 2090 eligimus,
1266 2004 1799 2069 benedictionum
1858 2008 2124 2067 tuarum
2192 2000 2366 2063 dona
2421 1992 2815 2078 multiplica,

501 2129 780 2191 eamque
841 2108 1121 2173 dextera
1179 2113 1311 2172 tuae
1362 2107 1638 2192 pietatis
1698 2126 1957 2191 semper
2009 2111 2080 2169 et
2137 2104 2381 2187 ubique
2435 2095 2814 2169 circumda;

505 2212 724 2296 sitque
755 2212 1039 2275 umbone
1069 2210 1459 2275 muniminis
1488 2211 1590 2275 tui
1623 2210 1911 2293 undique
1957 2228 2151 2273 secus
2180 2207 2465 2270 firmiter
2493 2204 2815 2288 protecta,

503 2321 837 2399 quatenus
882 2312 1171 2378 visibilis
1213 2313 1430 2377 hostis
1483 2312 1821 2397 nequitias
1873 2310 2377 2396 triumphaliter
2428 2323 2816 2390 expugnare

500 2418 748 2493 valeat,
801 2423 872 2482 et
923 2436 1059 2480 una
1111 2437 1261 2481 cum
1311 2417 1482 2481 Sara
1532 2423 1736 2500 atque
1789 2416 2095 2480 Rebecca
2147 2419 2217 2477 et
2266 2410 2540 2486 Rachel,
2593 2406 2814 2472 beatis

498 2521 1014 2606 reverendisque
1036 2521 1345 2598 foeminis,
1368 2522 1597 2586 fructu
1626 2521 1805 2586 uteri
1830 2520 1934 2585 sui
1955 2518 2318 2585 foecundari
2344 2538 2464 2581 seu
2484 2510 2818 2601 gratulari

505 2629 848 2688 mereatur
905 2623 991 2688 ad
1049 2624 1355 2688 decorem
1415 2625 1629 2689 totius
1687 2623 1880 2709 regni
1942 2629 2327 2707 statumque
2388 2625 2634 2686 sanctae
2692 2616 2823 2681 Dei

508 2725 801 2790 ecclesiae
871 2727 1266 2812 regendum,
1340 2746 1601 2790 necnon
1675 2726 2180 2812 protegendum.
2271 2726 2401 2789 Per
2475 2722 2816 2785 Christum

506 2825 861 2891 Dominum
893 2832 1218 2904 nostrum,
1238 2828 1352 2911 qui
1381 2829 1783 2894 intemerato
1815 2829 2047 2893 Mariae
2069 2829 2281 2893 beatae
2312 2826 2596 2910 virginis
2627 2830 2818 2888 utero

508 2933 716 3008 nasci,
748 2938 819 2997 et
846 2933 1144 3010 visitare,
1177 2939 1249 3000 et
1276 2955 1605 3000 renovare
1637 2937 1812 3000 hunc
1855 2937 2171 3021 dignatus
2203 2939 2310 2999 est
2338 2933 2676 3008 mundum,
2710 2929 2827 3015 qui

506 3043 730 3099 tecum
760 3034 929 3099 vivit
957 3042 1029 3100 et
1071 3038 1407 3121 gloriatur
1447 3038 1637 3103 Deus
1681 3039 1752 3102 in
1798 3040 2060 3105 unitate
2108 3039 2403 3124 Spiritus
2435 3037 2663 3101 Sancti
2707 3054 2829 3118 per

508 3138 916 3202 immortalia
946 3141 1189 3204 saecula
1219 3142 1628 3206 saeculorum.
1717 3143 1955 3207 Amen.

589 3240 727 3298 Post
752 3240 899 3299 hanc
923 3242 1178 3319 sequitur
1202 3243 1523 3316 benedictio,
1553 3244 1795 3303 dicenda
1823 3254 1953 3304 ante
1979 3246 2179 3304 altare.

597 3335 806 3412 Deus,
838 3337 954 3420 qui
986 3337 1171 3402 solus
1202 3339 1411 3403 habes
1456 3339 2056 3416 immortalitatem,
2090 3325 2439 3426 lucemque
2485 3340 2830 3405 inhabitas

509 3440 1064 3519 inaccessibilem,
1128 3445 1320 3528 cujus
1387 3444 1813 3527 providentia
1877 3445 1948 3509 in
2017 3446 2122 3509 sui
2187 3445 2626 3529 dispositione
2693 3465 2830 3508 non

510 3544 815 3621 fallitur;
863 3546 978 3629 qui
1021 3546 1241 3610 fecisti
1297 3567 1440 3630 quae
1483 3548 1717 3613 futura
1764 3552 1941 3624 sunt,
1985 3553 2056 3613 et
2107 3569 2309 3613 vocas
2360 3569 2442 3613 ea
2493 3569 2637 3632 quae
2689 3568 2827 3611 non

515 3653 673 3712 sunt
704 3653 1023 3730 tanquam
1058 3669 1139 3712 ea
1183 3671 1325 3734 quae
1372 3656 1566 3727 sunt;
1615 3651 1728 3735 qui
1776 3652 2102 3735 superbos
2143 3672 2329 3735 aequo
2373 3651 2825 3716 moderamine

514 3749 594 3812 de
648 3748 1027 3832 principatu
1082 3750 1337 3832 dejicis,
1393 3757 1593 3836 atque
1656 3753 1944 3817 humiles
1997 3753 2354 3839 dignanter
2410 3755 2503 3817 in·
2543 3754 2826 3819 sublime

518 3850 867 3935 provehis3
913 3852 1320 3917 ineffabilem
1340 3855 1863 3920 misericordiam
1883 3862 2069 3921 tuam
2096 3857 2432 3941 supplices
2456 3878 2834 3938 exoramus,

520 3959 594 4018 ut
624 3953 797 4017 sicut
827 3954 1128 4038 reginam
1157 3955 1415 4021 Hester
1444 3979 1649 4024 causa
1691 3958 1734 4023 J
1738 3959 1984 4024 udaicae
2018 3960 2259 4024 salutis
2302 3959 2384 4033 de
2417 3962 2833 4046 captivitatis

517 4082 650 4126 suae
697 4059 1007 4144 compede
1053 4062 1358 4140 solutam,
1401 4064 1487 4129 ad
1517 4060 1714 4151 'regis
1758 4066 2043 4130 Assueri
2087 4065 2459 4131 thalamum
2503 4069 2829 4152 regnique

511 4230 546 4265 ὓ
585 4227 790 4285 Pontis.
818 4225 996 4301 La053
1036 4233 1268 4301 patrare.
1294 4231 1364 4288 al.
1392 4231 1454 4286 in
1480 4231 1823 4305 triumphum
1852 4276 1865 4289 .
1896 4275 1909 4289 .
1934 4233 2237 4305 designare,
2263 4235 2378 4289 sine
2400 4251 2571 4292 sensu.
