3117 5025
1018 393 1418 457 Benedictio
1448 395 1512 456 A
1526 394 1774 457 bbatie.
2498 394 2584 459 47

272 594 542 679 quaris3
588 599 686 671 ut,
715 600 785 661 te
818 594 1172 683 largiente,
1205 618 1355 661 cum
1385 596 1534 681 ipso
1579 596 1702 661 tibi
1746 600 1983 661 nostra
2014 595 2337 662 electione
2368 597 2586 684 place-

275 718 487 762 amus.
575 698 766 761 Per!

365 798 528 857 Tunc
561 806 759 876 sarqat
785 800 970 873 abbas,
999 806 1050 858 et
1077 800 1361 878 episcopus
1395 800 1578 859 eidem
1603 800 1670 858 in
1700 800 1842 858 libro
1869 800 2141 879 scriptam
2179 800 2270 859 det
2308 801 2582 878 requiam,
2605 884 2612 891 .

275 893 483 951 dicens.

370 988 607 1073 Accipe
651 988 958 1074 regulam
1010 1010 1054 1052 a
1106 989 1358 1053 sanctis
1384 989 1690 1073 patribus
1734 988 1929 1052 nobis
1972 988 2314 1065 traditam,
2359 990 2442 1055 ad
2486 1012 2591 1054 re-

273 1090 563 1175 gendum
595 1096 666 1154 et
693 1091 1193 1155 custodiendum
1216 1111 1490 1176 gregem
1521 1091 1710 1155 tibia
1732 1089 1874 1153 Deo
1905 1091 2245 1167 creditum,
2272 1098 2593 1175 quantum

276 1200 347 1259 te
379 1192 563 1257 Deus
592 1194 737 1278 ipse
768 1195 1265 1270 confortaverit,
1296 1215 1374 1259 ac
1403 1193 1743 1279 fragilitas
1772 1193 2064 1257 humana
2093 1194 2491 1277 permiserit.

361 1296 522 1353 Tunc
550 1296 745 1353 tradat
769 1296 826 1353 ei
850 1297 1130 1367 bacalum,
1157 1296 1363 1354 dicens.

363 1390 608 1474 Accipe
631 1390 940 1454 baculum
964 1390 1327 1476 pastoralis
1351 1390 1568 1467 officii,
1593 1412 1787 1475 quem
1817 1390 2132 1475 praeferas
2161 1395 2441 1456 catervae
2469 1393 2594 1458 tibi

281 1492 666 1568 commissae,
698 1493 782 1556 ad
815 1492 1186 1577 exemplum
1209 1492 1409 1575 justae
1443 1492 1827 1556 severitatis
1859 1497 1929 1556 et
1957 1493 2414 1576 correptionis.

366 1594 647 1670 Sequatur
667 1594 907 1671 hymnus
929 1594 1084 1654 Veni
1112 1594 1357 1656 Creator
1379 1615 1396 1668 ;
1439 1615 1693 1672 episcopo
1723 1593 2018 1655 inchoante
2053 1615 2181 1653 cum
2204 1593 2595 1670 qenafleoeione,

278 1697 330 1748 et
357 1690 520 1748 choro
537 1688 957 1766 prosequente.†

357 1783 482 1855 Quo
507 1783 658 1842 dieto
684 1792 939 1859 sarqant,
968 1791 1019 1840 et
1056 1784 1345 1862 episeopus
1384 1802 1548 1862 saper
1591 1803 1719 1842 ewm
1743 1791 1983 1844 stantem
2007 1790 2059 1842 et
2098 1783 2471 1842 inclinantem
2509 1804 2585 1855 se,

281 1880 712 1938 benedictionem
746 1876 988 1958 [dicat]

370 1957 696 2038 Dom‘inus
724 1974 1084 2039 vobiscum.

402 2078 668 2142 Oratio.
760 2076 1164 2141 Cunctorum
1223 2077 1547 2140 bonorum
1607 2075 1977 2153 institutor,
2036 2076 2245 2152 Deus,
2304 2076 2420 2162 qui
2477 2097 2601 2161 per

282 2178 566 2262 Moysen
585 2178 909 2242 famulum
932 2184 1120 2243 tuum
1144 2179 1226 2242 ad
1251 2178 1721 2263 gubernandas
1744 2178 2062 2242 ecclesias
2084 2179 2475 2263 praepositos
2499 2179 2597 2241 in-

280 2281 594 2345 stituisti:
630 2281 754 2345 tibi
779 2280 1113 2365 supplices
1134 2300 1367 2366 preces
1388 2279 1747 2355 fundimus,
1766 2284 1965 2364 teque
1988 2279 2245 2344 devotis
2264 2281 2598 2344 mentibus

284 2403 658 2458 exoramus,
687 2387 767 2448 ut
793 2383 948 2449 huic
975 2382 1228 2447 famulo
1256 2388 1375 2447 tuo
1412 2381 1501 2446 N.
1532 2402 1727 2465 quem
1761 2381 2225 2447 convenientia
2266 2388 2334 2446 et
2365 2382 2601 2446 electio

286 2484 689 2549 famulorum
713 2490 980 2550 tuorum
1010 2486 1320 2550 abbatem
1350 2484 1544 2549 hodie
1571 2483 1791 2548 ovium
1822 2488 2088 2548 tuarum
2113 2504 2261 2549 esse
2290 2484 2608 2560 instituit,

289 2588 726 2673 protectionis
757 2594 884 2654 tuae
915 2589 1142 2673 gratia
1162 2587 1421 2651 munire
1451 2587 1768 2672 digneris,
1792 2587 2016 2669 sicque
2046 2608 2280 2672 regere
2312 2587 2614 2651 subditos

293 2689 642 2766 concedas,
687 2695 766 2755 ut
811 2712 959 2754 cum
1014 2690 1321 2755 omnibus
1371 2688 1510 2752 illis
1556 2709 1769 2774 regna
1818 2689 2129 2752 coelorum
2182 2688 2610 2773 adipiscatur,

298 2798 654 2875 quatenus,
709 2798 777 2857 te
837 2791 1231 2878 opitulante,
1288 2790 1594 2868 Domine,
1648 2791 2036 2875 apostolicis
2086 2791 2344 2877 jugiter
2399 2790 2613 2854 fultus

293 2894 635 2969 doctrinis,
667 2915 814 2958 cum
845 2894 1209 2958 centesimo
1241 2894 1463 2957 fructu
1494 2892 1689 2957 laetus
1720 2894 2013 2957 introeat
2040 2899 2272 2978 portas
2298 2893 2612 2978 paradisi,

289 3003 493 3079 atque
538 3017 580 3060 a
621 3001 712 3072 te,
742 2996 1044 3073 Domine,
1076 2995 1498 3063 collaudante
1542 2996 1775 3061 audire
1814 3001 2172 3072 mereatur,
2205 3017 2371 3080 euge
2418 3016 2606 3059 serve

292 3101 464 3162 bone
512 3103 584 3162 et
629 3097 866 3176 fidelis,
916 3099 1072 3183 quia
1118 3099 1189 3163 in
1239 3120 1451 3184 pauca
1500 3098 1693 3162 fuisti
1743 3098 1980 3175 fidelis,
2032 3119 2237 3183 supra
2282 3097 2495 3163 multa
2542 3105 2609 3161 te

291 3202 739 3277 constituam3
785 3202 968 3266 intra
997 3202 1067 3264 in
1097 3201 1414 3286 gaudium
1445 3200 1716 3265 Domini
1746 3202 1867 3266 tui.

374 3304 743 3368 Submisse.

379 3404 566 3490 Quod
598 3406 742 3490 ipse
774 3411 1096 3490 praestare
1126 3406 1447 3491 digneris,
1480 3405 1594 3490 qui
1626 3405 1799 3470 vivis
1830 3410 1900 3469 et
1922 3425 2168 3490 regnas
2198 3403 2403 3471 Deus.

377 3507 518 3571 Hie
551 3508 810 3571 exaltet
837 3528 1081 3572 vocem.

284 3592 2104 3737 m

374 3764 503 3827 Per
535 3765 742 3828 om-ni
762 3802 788 3813 -
808 3786 849 3828 a
894 3764 1196 3829 sae-cu-la
1227 3764 1725 3828 sae-cu-lo-rum.
1816 3766 2081 3828 A-men.

286 3896 322 3929 ’θ
357 3897 420 3950 in
441 3898 670 3967 marqin.
708 3897 841 3951 Alia
862 3899 1046 3953 oratio.
1122 3897 1283 3971 Deus,
1302 3897 1399 3969 qui
1424 3897 1525 3951 sub
1550 3904 1678 3953 tuoe.

359 3981 614 4053 Sequitur
641 3983 984 4041 omem-atio.
1059 3983 1391 4039 Cunctorum
1418 3983 1699 4038 bonorum.

373 4068 517 4122 Verte
525 4068 732 4139 foliam
753 4071 829 4123 ad
852 4070 999 4123 istud
1015 4071 1231 4139 signum
1253 4070 1301 4122 B
1325 4068 1507 4142 [infra
1517 4087 1582 4140 p.
1610 4071 1709 4141 51]

285 4155 324 4223 †
359 4156 421 4209 in
443 4157 657 4226 maiyin
672 4174 693 4221 ,·
731 4157 863 4211 Post
886 4155 1028 4212 Veni
1052 4157 1289 4226 Creator,
1319 4157 1588 4211 Dominus
1611 4158 1903 4212 vobiscum.
1952 4158 2195 4213 Oremus.
2247 4157 2420 4231 Super
2453 4160 2604 4214 hunc

291 4241 575 4312 famulum,
608 4244 683 4297 ad
716 4243 867 4297 istud
900 4244 1114 4314 siynam
1150 4243 1194 4297 O
1230 4242 1429 4316 [infra,
1456 4260 1578 4316 pag.
1616 4244 1713 4315 51]
1783 4244 1859 4299 Et
1893 4245 1998 4300 ista
2033 4246 2217 4314 oratio,
2245 4245 2390 4301 Deus
2424 4246 2608 4301 lumen

288 4334 571 4384 aeternum.
646 4330 719 4400 [R
744 4348 794 4402 p.
823 4331 921 4402 52]
991 4330 1243 4401 Sequitur
1265 4331 1591 4385 consecratio.
