3117 5025
937 412 1459 477 Benedictionee
1496 410 1972 492 Episcopalee.
2487 410 2609 472 181

377 619 712 679 Benedictio
738 617 806 679 de
832 640 971 696 φερε.

392 834 830 920 Omnipotens
884 834 1333 919 sempiternus
1391 833 1597 911 Deus,
1650 835 1765 918 qui
1824 834 2116 900 omnium
2168 833 2330 917 jura
2379 854 2614 921 regum

298 938 732 1003 immobiliter
773 938 1127 1023 gubernat,
1159 937 1513 1003 benedicat
1555 942 1628 1002 et
1671 940 1987 1023 protegat
2029 957 2259 1021 regem
2288 942 2616 1014 nostrum,

303 1047 375 1104 et
405 1041 744 1106 custodiat
774 1061 926 1104 eum
957 1040 1042 1104 ab
1072 1039 1250 1104 omni
1282 1039 1755 1124 impedimento
1785 1038 2194 1104 aemulorum.
2280 1040 2517 1105 Amen.

388 1144 494 1208 Ab
528 1143 707 1208 omni
738 1164 890 1208 eum
920 1143 1427 1228 perturbatione
1460 1142 1723 1218 liberet,
1755 1146 1826 1207 et
1855 1142 1925 1205 in
1957 1162 2128 1207 verae
2167 1142 2355 1228 pacis
2383 1142 2619 1208 funda-

299 1249 530 1310 mento
561 1245 958 1310 consolidet.
1046 1245 1285 1309 Amen.

391 1347 673 1433 Talique
722 1369 873 1412 eum
919 1347 1379 1414 benedictione
1422 1346 1818 1422 sanctificet,
1863 1349 1942 1409 ut
1984 1349 2141 1430 post
2183 1345 2620 1431 temporalem

302 1448 611 1536 gloriam,
642 1451 790 1536 ipso
819 1449 1009 1529 duce,
1040 1450 1124 1517 ad
1153 1450 1404 1537 gaudia
1428 1449 1780 1537 perveniat
1811 1448 2237 1534 sempiterna.
2326 1452 2562 1515 Amen.

394 1552 581 1638 Quod
610 1553 779 1639 ipse.

389 1773 510 1833 Pro
533 1774 646 1833 iter
670 1775 979 1852 aqentibus.

394 1985 833 2073 Omnipotens
863 1987 1047 2053 Deus
1076 1989 1393 2075 angelum
1425 2008 1621 2054 suum
1653 1987 1734 2054 de
1764 1987 1949 2054 coelis
1980 1989 2250 2075 dirigat,
2280 1989 2397 2073 qui
2440 1989 2617 2054 viam

305 2087 715 2154 famulorum
782 2110 1055 2155 suorum
1127 2092 1196 2155 in
1266 2091 1509 2157 salutis
1581 2091 1704 2155 viee
1770 2091 2216 2177 prosperitate
2289 2089 2622 2177 disponat.

309 2193 551 2256 Amen.

394 2296 539 2360 Iter
566 2316 795 2360 eorum
828 2296 1159 2381 praecedat
1203 2300 1271 2360 et
1303 2295 1772 2379 subsequatur,
1806 2299 1874 2360 et
1905 2296 1990 2361 ab
2035 2295 2215 2360 omni
2247 2315 2361 2360 eos
2391 2294 2623 2360 hostili

307 2398 695 2463 incursione
725 2400 1041 2485 potentiae
1074 2420 1208 2463 suae
1238 2397 1518 2463 dextera
1546 2402 1840 2462 tueatur.
1931 2400 2169 2463 Amen.
2490 2460 2493 2465 .

398 2500 444 2565 J
448 2506 603 2567 usta
646 2502 939 2588 ipsorum
986 2500 1322 2567 desideria
1367 2500 1721 2585 compleat,
1765 2500 2037 2586 votique
2091 2505 2433 2586 compotes
2477 2521 2626 2565 cum

307 2603 668 2670 alacritate
696 2608 943 2672 mentis
974 2609 1044 2670 et
1073 2604 1370 2691 corporis
1399 2624 1705 2669 remeare
1737 2605 2078 2670 concedat.
2169 2605 2406 2669 Amen.

404 2706 594 2792 Quod
624 2707 792 2793 ipse.

395 2929 487 2987 De
515 2930 917 2988 anniversaria
944 2929 1181 2989 ecclesiae
1206 2928 1576 2988 dedicatione.

406 3123 613 3203 Deus,
643 3125 796 3190 fons
828 3131 897 3191 et
940 3126 1129 3209 origo
1169 3124 1669 3202 benedictionis,
1701 3144 1822 3189 vos
1865 3125 1936 3189 in
1967 3126 2092 3190 hac
2137 3125 2330 3191 domo
2360 3135 2633 3213 congre-

321 3235 524 3313 gatos
569 3248 692 3312 pro
738 3226 1202 3293 anniversario
1248 3228 1426 3294 festo
1480 3249 1615 3292 suae
1666 3227 2107 3293 dedicationis
2152 3228 2330 3292 omni
2373 3230 2636 3314 repleat,

324 3330 677 3396 intellectu
708 3351 912 3396 sacrae
944 3330 1360 3395 eruditionis.
1448 3331 1687 3396 Amen.

416 3433 775 3500 Custodiat
802 3433 871 3497 in
914 3432 1103 3496 vobis
1134 3431 1288 3495 fidei
1333 3430 1819 3516 integritatem,
1853 3429 1996 3514 spei
2041 3429 2640 3515 longanimitatem,

328 3541 874 3624 perseverantem
905 3556 1114 3621 usque
1145 3536 1215 3598 in
1245 3535 1442 3599 finem
1476 3554 1624 3598 cum
1649 3538 1884 3598 sancta
1913 3533 2240 3618 patientia
2270 3533 2642 3599 caritatem.

327 3643 655 3807 Angie-Ieliaes
686 3744 951 3805 vestras
981 3740 1090 3805 hic
1121 3745 1191 3804 et
1220 3739 1464 3823 ubique
1498 3737 1834 3815 exaudiat,
1859 3736 2104 3802 delicta
2133 3737 2379 3814 deleat,
2408 3738 2641 3802 hostes

326 3849 660 3921 amoveat,
694 3848 763 3907 et
792 3863 913 3927 per
956 3843 1095 3908 haec
1125 3844 1304 3907 festa
1349 3841 1815 3906 anniversaria
1860 3841 1944 3905 ad
1976 3841 2297 3906 continua
2342 3860 2645 3926 supernae

328 3948 628 4014 ecclesiae
658 3945 985 4031 perducat
1015 3944 1389 4010 sollemnia.
1480 3946 1718 4008 Amen.

417 4047 606 4136 Quod
637 4049 802 4134 ipse.
