3117 5025
574 379 1084 445 Inthronizacio
1118 379 1648 463 Archiepiscopi
1681 379 2106 444 Laurentius
2141 374 2379 440 Bothe.
2499 369 2624 436 377

322 550 492 615 duas
537 551 768 635 pelves
815 573 1024 637 usque
1071 553 1157 617 ad
1206 574 1534 618 summum
1584 553 1801 618 altare
1845 554 1916 617 in
1957 549 2328 631 Ecclesiam
2379 543 2623 609 Cathe-

320 655 575 719 dralem
621 656 824 720 Ebor.
872 657 1139 735 detulit,
1173 660 1445 723 interim
1493 660 1573 722 de
1619 660 1803 742 (sic)
1848 665 1913 723 et
1961 656 2274 741 primitus
2319 648 2627 733 deposita

324 759 750 842 processione
783 780 904 844 per
949 761 1576 826 subthesaurarium
1608 769 1678 827 et
1708 761 1881 826 alios
1917 759 2230 825 Ecclesiae
2260 752 2627 818 ministros.
2677 785 2688 797 ·

331 862 831 948 subsequenter
875 886 1035 928 vero
1083 865 1411 930 Dominus
1458 867 2025 950 Archiepiscopus
2070 886 2111 928 a
2151 861 2334 926 dicta
2378 855 2636 942 capella

325 967 683 1044 calceatus,
711 990 789 1031 eo
821 969 994 1053 quod
1028 976 1295 1054 tempus
1327 971 1542 1033 adhuc
1575 969 2058 1054 quodammodo
2088 966 2221 1031 fuit
2250 962 2630 1049 pluviosum

325 1077 396 1134 et
454 1072 565 1135 via
621 1072 901 1150 lubrica,
963 1073 1494 1158 praecedentibus
1562 1074 1907 1160 religiosis
1969 1078 2039 1137 et
2099 1070 2276 1137 clero
2339 1064 2636 1132 civitatis

325 1176 742 1259 presbyteris
790 1197 1047 1240 necnon
1078 1178 1413 1241 ministris
1444 1176 1763 1242 Ecclesiae
1796 1177 1998 1240 Ebor.
2018 1168 2633 1261 ‘processionaliter

322 1284 399 1341 ut
441 1280 798 1362 praefertur
842 1278 1192 1356 ordinatis,
1241 1287 1319 1344 ut
1364 1287 1473 1344 est
1523 1282 1753 1356 moris,
1801 1281 1871 1344 in
1918 1280 2103 1364 capis
2151 1277 2408 1351 sericis,
2454 1271 2630 1362 albis

322 1381 600 1459 indutis,
648 1383 1129 1450 comitantibus
1168 1386 1570 1461 Abbatibus,
1619 1385 1966 1448 Prioribus
2013 1388 2083 1445 et
2128 1381 2285 1445 aliis
2335 1376 2634 1465 praelatis

326 1486 409 1548 ad
433 1485 804 1551 Ecclesiam
832 1485 998 1552 Cath
1009 1487 1307 1555 edralem
1330 1488 1529 1553 Ebor.
1555 1488 1983 1574 procedebat,
2008 1480 2216 1571 pallio
2234 1505 2355 1569 pro
2379 1481 2630 1544 feretro

329 1589 558 1654 Sancti
611 1590 944 1654 Willelmi
998 1592 1331 1669 ordinato,
1390 1612 1593 1678 super
1646 1591 1930 1656 eundem
1992 1589 2331 1654 dominum
2394 1582 2630 1650 Archi-

330 1694 715 1778 episcopum
750 1715 873 1778 per
902 1693 1271 1759 Diaconum
1303 1694 1618 1760 Ecclesiae
1649 1697 2026 1781 deportato.

416 1798 512 1861 Ac
543 1798 690 1881 ipso
723 1798 988 1862 domino
1023 1799 1543 1884 Archiepiscopo
1578 1800 2002 1885 ingrediente
2035 1798 2287 1862 ostium
2318 1788 2634 1858 Ecclesiae

336 1900 763 1967 Cathedralis
796 1902 1230 1979 occidentale,
1255 1924 1378 1987 per
1407 1903 1658 1968 dictum
1686 1904 2029 1969 Decanum
2063 1914 2132 1966 et
2154 1903 2639 1966 Praecentorem

336 2028 513 2091 aqua
533 2006 890 2071 benedicta
914 2028 1233 2093 aspersus
1257 2018 1327 2071 et
1360 2009 1789 2073 thurificatus
1816 2010 1939 2073 e‘st.
2032 2006 2257 2069 Textu
2276 2000 2634 2088 Evangelii

332 2131 452 2195 per
492 2110 708 2195 ipsum
757 2109 996 2173 devote
1044 2110 1350 2176 osculato
1399 2113 1962 2198 processioneque
2009 2110 2078 2172 in
2110 2110 2267 2173 navi
2311 2105 2631 2197 Ecclesiae

339 2215 665 2298 praedictae
743 2219 988 2290 stante,
1065 2217 1390 2299 praefatus
1478 2215 1807 2280 Dominus
1900 2213 2463 2297 Archiepiscopus
2552 2206 2638 2271 ad

342 2318 672 2402 quoddam
734 2315 1101 2381 scabellum
1163 2318 1342 2382 inter
1408 2319 1665 2383 fontem
1724 2315 2198 2403 baptismalem
2262 2320 2333 2379 et
2392 2313 2639 2378 ostium

342 2420 755 2486 occidentale
802 2442 923 2505 pro
970 2421 1117 2506 ipso
1162 2427 1240 2486 ut
1283 2421 1507 2486 decuit
1552 2422 1956 2496 ordinatum,
1988 2419 2390 2505 genuflexit;
2437 2417 2639 2480 choro

336 2526 608 2590 interim
683 2530 998 2588 cantante
1053 2526 1345 2589 Summae
1412 2527 1744 2590 Trinitatz’
1800 2546 1950 2588 cum
2006 2545 2206 2588 versu
2261 2530 2330 2587 et
2390 2523 2637 2587 Gloria

351 2632 579 2692 Patri.

431 2733 739 2819 Ipsisque
771 2752 813 2795 a
843 2732 1045 2796 choro
1077 2732 1475 2811 decantatis,
1508 2735 1681 2798 idem
1716 2732 2023 2797 dominus
2057 2731 2639 2817 Archiepiscopus,

342 2837 662 2922 inspectis
687 2855 809 2920 per
837 2856 987 2899 eum
1016 2839 1460 2903 sacrosanctis
1483 2838 1612 2901 Dei
1644 2834 2039 2921 Evangeliis
2063 2836 2134 2897 in
2157 2856 2362 2899 manu
2393 2835 2642 2899 domini

341 2941 613 3016 Decani,
646 2940 1187 3006 auscultantibus
1217 2944 1325 3019 διο,
1350 2942 1816 3025 juramentum
1848 2938 2023 3024 quod
2058 2944 2250 3003 textu
2281 2937 2640 3025 Evangelii

341 3048 665 3132 scriptum
696 3044 868 3130 legit
913 3050 984 3109 et
1019 3045 1279 3127 juravit
1329 3049 1454 3111 sub
1501 3048 1630 3111 hac
1660 3047 1878 3110 forma
1914 3044 2034 3108 &c.
2067 3048 2147 3108 ut
2188 3044 2398 3129 prius,
2431 3063 2641 3128 usque

342 3154 408 3217 in
444 3152 663 3214 finem.

531 4475 721 4542 Pont.
757 4476 842 4542 47
