3117 5025
35 3514 50 3605 l

1110 363 1549 432 Consecratio
1581 362 1812 446 Reqis.
2363 336 2371 343 ’
2485 349 2623 418 219·

390 564 636 652 Accipe
666 566 989 644 armillas,
1023 566 1433 632 sinceritatis
1464 571 1534 631 et
1566 566 1906 653 sapientiae
1946 563 2314 648 divinaeque
2345 562 2623 627 circum-

303 668 598 735 dationis
641 671 976 748 indicium,
1023 671 1266 756 quibus
1316 668 1662 754 intelligas
1715 689 1942 734 omnes
1987 668 2411 755 operationes
2461 669 2621 729 tuas

299 771 541 836 ‘contra
570 774 801 837 hostes
832 773 1135 838 visibiles
1165 777 1237 838 et
1278 772 1652 837 invisibiles
1681 792 1878 857 posse
1911 792 2058 836 esse
2088 771 2402 834 munitas.
2491 768 2621 831 Per

308 872 692 956 Dominum.

396 975 542 1034 Cum
568 978 745 1035 datur
760 978 1037 1055 pallium.

396 1071 642 1157 Accipe
662 1073 963 1157 pallium,
983 1077 1303 1157 quattuor
1320 1072 1534 1138 initiis
1554 1074 1936 1148 formatum,
1948 1092 2068 1156 per
2086 1072 2261 1155 quod
2280 1070 2625 1156 intelligas

306 1179 627 1258 quattuor
669 1175 898 1239 mundi
950 1184 1181 1260 partes
1231 1176 1469 1240 divinae
1520 1174 1845 1260 potestati
1898 1194 2046 1239 esse
2100 1174 2458 1257 subjectas,
2504 1194 2627 1238 nec

314 1296 691 1360 quenquam
735 1298 936 1360 posse
981 1278 1274 1342 fideliter
1317 1299 1602 1363 regnare
1632 1279 1701 1340 in
1747 1277 1970 1354 terris,
2001 1275 2133 1339 nisi
2179 1275 2287 1340 cui
2330 1281 2635 1359 potest-as

308 1379 635 1464 regnandi
665 1379 873 1444 fuerit
902 1380 1149 1445 collata
1178 1382 1248 1445 in
1279 1380 1482 1445 coelis.

397 1480 739 1539 Benedictio
765 1503 982 1541 coronae
1007 1485 1175 1559 reyis.

407 1576 614 1654 Deus,
647 1588 918 1641 tuorum
951 1600 1197 1643 corona
1225 1579 1540 1655 fidelium,
1575 1576 1691 1662 qui
1721 1577 1791 1639 in
1822 1577 2155 1660 capitibus
2187 1597 2412 1640 eorum
2443 1578 2638 1661 ponis

322 1700 635 1743 coronam
693 1680 775 1742 de
834 1679 1055 1764 lapide
1112 1682 1428 1766 pretiOSO,
1482 1679 1757 1744 benedic
1810 1683 1878 1742 et
1940 1680 2282 1743 sanctifica
2329 1700 2636 1743 coronam

321 1781 545 1857 istam,
606 1787 939 1864 quatenus
1007 1784 1179 1848 sicut
1244 1783 1397 1867 ipsa
1455 1781 1741 1847 diversis
1801 1782 2248 1865 pretiosisque
2307 1780 2642 1866 lapidibus

325 1883 710 1959 adornatur,
773 1886 869 1948 sic
927 1886 1220 1949 famulus
1275 1891 1434 1950 tuus
1494 1885 1585 1948 N.
1644 1890 1952 1968 gestator
2008 1885 2225 1969 ipsius
2282 1886 2643 1969 multiplici

327 1986 778 2071 pretiosarum
824 1987 1153 2051 virtutum
1183 2009 1457 2051 munere
1490 1992 1609 2051 tua
1652 1986 1982 2071 largiente
2026 1988 2253 2071 gratia
2280 1986 2645 2071 repleatur.

331 2091 464 2153 Per
503 2089 858 2153 Dominum
894 2098 1198 2156 nostrum
1227 2092 1268 2156 J
1275 2113 1463 2157 esum
1497 2090 1839 2155 Christum
1871 2091 2119 2155 Filium
2148 2097 2362 2168 tuum,
2393 2092 2645 2177 Regem

329 2196 673 2255 aeternum.
763 2192 889 2276 Qui
919 2198 1163 2257 tecum.

418 2291 563 2351 G'wm
589 2292 773 2369 capiti
797 2314 1000 2352 corona
1030 2296 1220 2355 datur.

423 2386 717 2451 Coronet
758 2393 827 2451 te
871 2390 1060 2453 Deus
1106 2412 1350 2455 corona
1393 2390 1645 2475 gloriae,
1692 2395 1895 2474 atque
1932 2389 2220 2473 justitiae
2265 2390 2538 2467 honore,
2586 2394 2655 2455 et

332 2514 534 2577 opere
578 2493 1019 2571 fortitudinis,
1052 2501 1131 2559 ut
1176 2517 1297 2580 per
1344 2495 1629 2560 officium
1677 2501 1924 2560 nostrae
1969 2495 2456 2560 benedictionis
2504 2517 2653 2560 cum

334 2595 464 2658 fide
510 2600 697 2660 recta
742 2602 812 2660 et
852 2597 1206 2681 multiplici
1254 2599 1578 2662 bonorum
1625 2619 1900 2682 operum
1945 2598 2169 2661 fructu
2214 2599 2300 2662 ad
2344 2619 2656 2663 coronam

333 2700 688 2784 pervenias
731 2701 927 2785 regni
972 2702 1300 2786 perpetui,
1347 2703 1495 2786 ipso
1543 2702 1900 2787 largiente,
1945 2703 2137 2786 cujus
2180 2724 2462 2787 regnum
2509 2723 2657 2787 per-

332 2807 565 2866 manet
594 2803 662 2864 in
696 2804 939 2867 saecula
971 2805 1384 2869 saeculorum.

377 2934 381 2937 Δ
414 2903 556 2962 Post
585 2926 849 2963 coronam
877 2908 1080 2964 oratio.

422 3000 610 3066 Deus
634 3004 1130 3086 perpetuitatis,
1156 3005 1290 3068 dux
1313 3005 1664 3081 virtutum,
1688 3010 2078 3069 cunctorum
2102 3004 2402 3068 hostium
2426 3003 2663 3081 victor,

340 3104 618 3168 benedic
648 3105 825 3167 hunc
856 3104 1185 3168 famulum
1218 3113 1407 3171 tuum
1453 3108 1541 3172 N.
1577 3107 1702 3171 tibi
1734 3113 1937 3191 caput
1981 3128 2176 3171 suum
2207 3105 2665 3183 inclina-ntem,

343 3211 413 3270 et
459 3207 729 3291 prolixa
777 3208 1070 3271 sanitate
1125 3213 1191 3272 et
1244 3230 1568 3294 prospera
1619 3209 1947 3273 felicitate
2001 3231 2154 3272 eum
2207 3229 2550 3284 conserva,
2597 3212 2667 3270 et

343 3309 725 3393 ubicunque
772 3309 1099 3373 auxilium
1145 3316 1337 3374 tuum
1383 3313 1820 3388 invocaverit,
1853 3312 1987 3374 cito
2035 3311 2219 3375 adsis
2251 3317 2319 3374 et
2349 3316 2672 3394 protegas

343 3434 424 3475 ac
468 3412 812 3476 defendas.
857 3406 866 3414 ’
903 3413 1151 3477 Tribue
1200 3415 1282 3491 ei,
1328 3434 1728 3497 quaesumus,
1759 3414 2066 3489 Domine,
2114 3413 2388 3477 divitias
2434 3414 2670 3498 gratiae

342 3518 514 3589 tuae3
562 3514 821 3599 comple
855 3515 923 3576 in
958 3515 1150 3578 bonis
1182 3515 1584 3580 desiderium
1621 3519 1768 3600 ejus
1788 3541 1805 3594 ;
1855 3536 2102 3579 corona
2132 3536 2283 3578 eum
2314 3516 2383 3577 in
2415 3516 2673 3578 miseri-

342 3618 573 3681 cordia
620 3624 758 3695 tua,
801 3619 1055 3703 tibique
1100 3618 1389 3685 Domino
1432 3621 1547 3704 pia
1591 3621 1945 3685 devotione
1983 3619 2243 3704 jugiter
2286 3619 2676 3683 famuletur.

339 3722 472 3785 Per
503 3721 895 3785 Dominum.

422 3822 571 3882 Cum
598 3823 775 3880 datur
802 3823 1075 3882 annulus.

433 3919 680 4003 Accipe
711 3919 912 4003 regiae
938 3919 1293 4004 dignitatis
1319 3918 1665 3997 annulum,
1691 3925 1758 3984 et
1789 3940 1909 4004 per
1931 3919 2106 3982 hunc
2129 3917 2199 3981 in
2223 3922 2291 3983 te
2318 3917 2673 3984 Catholicae

344 4020 502 4084 fidei
562 4023 1003 4106 signaculum,
1059 4024 1219 4107 quia
1279 4028 1357 4087 ut
1408 4023 1606 4087 hodie
1661 4022 1926 4087 ornaris
1981 4028 2185 4106 caput
2237 4027 2305 4086 et
2362 4023 2675 4108 princeps

347 4125 540 4209 regni
572 4147 649 4190 ac
679 4127 929 4211 populi,
961 4128 1061 4191 ita
1090 4147 1484 4211 perseveres
1516 4133 1756 4191 auctor
1786 4150 1863 4192 ac
1906 4126 2248 4191 stabilitor
2279 4125 2678 4191 Christiani-

348 4228 517 4292 tatis
562 4234 633 4292 et
679 4228 1077 4294 Christianae
1123 4230 1299 4306 fidei,
1347 4236 1423 4295 ut
1468 4230 1631 4293 felix
1680 4231 1747 4293 in
1794 4251 2014 4315 opere,
2062 4229 2365 4312 locuples
2412 4228 2480 4290 in
2525 4229 2675 4306 fide,

536 4332 663 4397 27*
