3117 5025
545 407 673 470 352
1206 407 1304 471 De
1337 407 1584 472 Pallio
1620 407 2167 489 Archiepiscopz’.

552 752 1063 818 ORATIONES
1109 753 1317 838 QUAE
1365 753 1803 819 DICENDAE
1860 753 2102 817 SUNT
2153 749 2442 815 SUPER
2497 745 2868 812 ARCHIE-

766 857 1135 921 PISOOPO
1179 857 1699 942 ANTEQUAM
1743 855 2158 921 PALLIUM
2204 851 2646 919 ACCIPIAT.

635 1044 841 1122 Deus,
890 1045 1316 1130 omnipotens
1366 1046 1590 1122 Pater,
1639 1045 1754 1130 qui
1807 1067 1942 1110 non
1994 1043 2288 1131 propriis
2340 1039 2868 1125 suffragantibus

547 1148 809 1213 meritis
843 1147 959 1211 sed
994 1147 1141 1212 sola
1171 1148 1498 1212 ineffabili
1529 1149 1768 1233 gratiae
1798 1155 1928 1214 tuae
1960 1148 2280 1233 largitate
2313 1146 2516 1210 istum
2547 1141 2871 1207 famulum

551 1263 741 1321 tuum
771 1255 878 1319 ill.
927 1254 1174 1339 populo
1204 1259 1324 1318 tuo
1370 1275 1660 1339 praeesse
1700 1255 2017 1338 jussisti3
2067 1255 2290 1319 tribue
2324 1253 2387 1315 ei
2432 1254 2554 1336 p'er
2583 1248 2872 1334 gratiam

551 1361 844 1445 Spiritus
879 1359 1110 1423 Sancti
1139 1359 1242 1422 tui
1274 1358 1476 1443 digne
1510 1358 1637 1423 tibi
1671 1358 2054 1444 persolvere
2087 1356 2533 1421 ministerium
2570 1351 2875 1418 sacerdo-

548 1464 711 1529 talis
758 1462 957 1528 officii
1004 1467 1073 1527 et
1119 1461 1600 1526 ecclesiasticis
1646 1463 2125 1526 convenienter
2157 1461 2412 1525 servire
2459 1456 2874 1529 ministeriis,

548 1571 942 1655 plebemque
976 1567 1399 1631 commissam
1434 1566 1516 1630 ad
1551 1565 1839 1651 gloriam
1872 1568 1975 1630 tui
2005 1565 2319 1641 nominis,
2350 1568 2420 1627 te
2454 1563 2523 1624 in
2557 1560 2867 1625 omnibus

546 1676 966 1758 protegente,
1001 1670 1383 1754 gubernare
1416 1670 1725 1733 concede.
1819 1670 1971 1733 Per.
2034 1705 2041 1709 ·

631 1776 799 1833 Alia.

636 1872 842 1945 Deus,
866 1868 1264 1932 innocentiae
1289 1870 1649 1932 restitutor
1682 1875 1752 1933 et
1783 1874 2065 1945 amator,
2094 1869 2308 1953 dirige
2335 1870 2515 1933 hunc
2546 1867 2873 1945 famulum

551 1985 743 2044 tuum
776 1975 882 2039 ill.
920 1974 1215 2059 Spiritus
1244 1974 1346 2038 tui
1376 1975 1667 2050 fervore,
1700 1979 1778 2037 ut
1809 1975 1878 2036 in
1910 1975 2039 2037 fide
2086 1975 2475 2051 inveniatur
2508 1975 2775 2039 stabilis
2808 1980 2877 2037 et

550 2084 622 2146 in
675 2080 990 2166 operibus
1036 2077 1176 2141 tuis
1232 2078 1488 2142 efficax.
1581 2066 1922 2142 Inlumina
1975 2099 2123 2141 eum
2177 2079 2428 2142 lumine
2483 2079 2829 2164 sapientiae
2857 2102 2873 2153 ;

550 2185 799 2251 munda
831 2205 981 2246 eum
1017 2188 1087 2245 et
1119 2182 1503 2258 sanctifica;
1550 2183 1639 2246 da
1684 2183 1744 2245 ei
1778 2182 2133 2246 consilium
2182 2189 2462 2260 rectum,
2498 2184 2870 2248 doctrinam

552 2297 855 2356 sanctam
882 2311 897 2363 ;
970 2292 1038 2350 et
1107 2286 1222 2369 qui
1296 2307 1448 2349 eum
1518 2287 1698 2350 inter
1768 2307 2062 2350 summos
2131 2288 2516 2352 sacerdotes
2591 2287 2868 2353 voluisti

552 2411 929 2465 numerare,
962 2389 1248 2454 concede
1295 2395 1371 2453 ut
1404 2390 1582 2472 quod
1629 2391 1921 2453 humano
1951 2411 2067 2453 ore
2116 2412 2266 2454 eum
2302 2391 2575 2455 voluisti
2623 2393 2870 2467 vocari,

550 2502 680 2561 hoc
711 2496 779 2559 in
814 2497 1175 2579 conspectu
1208 2496 1327 2556 tuo
1359 2514 1481 2577 per
1510 2493 1801 2578 gratiam
1836 2501 1966 2558 tuae
1998 2494 2281 2578 pietatis
2312 2496 2530 2581 possit
2559 2495 2705 2559 fieri
2733 2520 2749 2572 3
2798 2502 2875 2560 ut

552 2622 703 2665 cum
754 2597 988 2662 electis
1030 2595 1169 2659 tuis
1220 2600 1481 2660 aeternae
1529 2597 1682 2660 vitae
1728 2597 2217 2661 beatitudinem
2266 2599 2612 2685 percipere
2662 2620 2874 2662 mere-

553 2712 730 2769 atur.

527 2847 534 2854 -
631 2806 905 2884 Sequitur
932 2805 1117 2863 oratio
1136 2812 1440 2881 postquam
1470 2810 1758 2880 acceptum
1769 2802 1978 2879 faerit.

635 2903 940 2979 Domine,
975 2906 1206 2965 sancte
1239 2900 1463 2976 Pater,
1492 2900 1916 2984 omnipotens
1950 2906 2197 2964 aeterne
2230 2901 2433 2978 DeuS,
2459 2903 2601 2966 Rex
2636 2924 2866 2989 regum

550 3016 622 3074 et
665 3007 995 3072 Dominus
1040 3005 1547 3079 dominantium,
1596 3003 2020 3068 clementiam
2070 3009 2259 3069 tuam
2313 3007 2664 3071 humiliter
2714 3030 2870 3072 exo-

548 3130 799 3186 ramus,
861 3128 1120 3172 necnon
1185 3112 1256 3171 et
1313 3108 1648 3192 unigeniti
1710 3108 1870 3171 Filii
1931 3109 2033 3172 tui
2095 3107 2364 3173 Domini
2425 3112 2643 3175 nostri
2699 3113 2867 3176 Jesu

550 3214 825 3290 Christi,
873 3212 988 3296 qui
1035 3232 1264 3275 omnes
1310 3219 1560 3276 aeterno
1606 3213 2002 3296 pontificatu
2051 3215 2526 3297 supereminet,
2561 3220 2631 3280 et
2675 3217 2861 3280 solus

549 3321 695 3384 sine
771 3316 1037 3381 macula
1111 3314 1531 3379 sacerdotale
1601 3316 2053 3379 ministerium
2122 3317 2451 3401 implevit,
2530 3319 2860 3403 simulque

550 3423 779 3488 Sancti
815 3422 1127 3506 Spiritus,
1160 3420 1352 3503 cujus
1388 3418 1762 3503 septiformi
1793 3421 2022 3504 gratia
2052 3420 2308 3485 coelesti
2343 3423 2594 3486 virtute
2628 3418 2870 3487 cuncta

550 3527 971 3601 sanctificas3
1020 3529 1096 3588 ut
1141 3524 1318 3586 hunc
1363 3522 1689 3587 famulum
1740 3528 1928 3587 tuum
1972 3525 2102 3600 ill„
2148 3525 2385 3590 divinoe
2433 3527 2867 3610 providentiae

544 3631 769 3717 gratia
820 3628 1175 3713 largiente,
1223 3649 1265 3690 a
1317 3627 1689 3690 minoribus
1737 3648 1947 3711 usque
1995 3628 2082 3692 ad
2136 3630 2395 3713 majora
2443 3651 2564 3713 per
2616 3631 2867 3715 gradus

544 3732 1012 3798 ascendentem
1041 3751 1343 3814 supernae
1370 3729 1648 3813 pietatis
1673 3736 1804 3793 tuae
1837 3732 2091 3813 gremio
2115 3737 2472 3816 gratanter
2497 3733 2866 3819 suscipias;

549 3842 617 3902 et
677 3838 838 3920 quia
897 3835 1092 3898 nobis
1162 3833 1459 3919 indignis
1521 3856 1689 3917 quos
1761 3834 1940 3897 sedis
2010 3836 2393 3919 apostolieae
2458 3857 2864 3921 summaeque

546 3940 894 4003 ministros
946 3938 1295 4002 servitutis
1345 3949 1500 4000 non·
1531 3938 1959 4023 exigentibus
2010 3940 2271 4003 meritis
2329 3941 2445 4004 sed
2499 3941 2673 4003 dono
2736 3941 2870 4004 cle-

546 4037 959 4107 mentiae'tuae
985 4040 1422 4116 constituisti,
1451 4040 1861 4105 salutaribus
1883 4041 2293 4107 indumentis
2317 4044 2400 4108 ad
2429 4043 2601 4108 sacri
2627 4043 2869 4107 altaris

546 4146 833 4211 officium
903 4144 1089 4208 foras
1156 4145 1443 4208 vestitus
1513 4145 1581 4206 in
1653 4146 1967 4227 praesenti
2035 4153 2342 4231 apparet,
2406 4148 2491 4210 ab
2552 4147 2868 4210 omnibus

543 4249 894 4312 criminum
942 4248 1275 4333 contagiis
1309 4249 1685 4332 castigatus
1733 4256 2057 4333 perpetua
2107 4249 2400 4334 Spiritus
2434 4251 2533 4313 tui
2569 4250 2865 4314 sanctifi-

544 4355 806 4417 catione
869 4354 1053 4416 intus
1113 4353 1379 4438 impleri
1444 4360 1821 4430 mereatur3
1888 4355 2154 4438 vivique
2223 4355 2434 4420 fontis
2503 4354 2872 4419 fluentibus
