3117 5025
522 352 648 416 150
1323 357 1721 425 Benedictio
1764 358 2026 424 Viduae.

1198 765 1757 834 BENEDICTIO
1800 767 2143 837 VIDUAE.

594 988 698 1048 Ad
723 988 961 1049 viduam
990 990 1025 1030 '¹'
1053 991 1485 1052 benedicendam
1509 1014 1635 1072 quoe
1644 993 1836 1072 fiierit
1858 995 2177 1055 castitatem
2193 994 2467 1074 professa.

600 1086 1005 1151 Benedictio
1032 1088 1604 1153 vestimentorum.

598 1188 985 1254 Visibilium
1030 1192 1101 1254 et
1128 1188 1565 1255 invisibilium
1609 1190 1910 1269 Creator,
1940 1189 2148 1269 Deus,
2189 1191 2426 1257 adesto
2471 1188 2824 1276 propitius,

511 1297 591 1358 ut
639 1293 779 1358 haec
820 1292 1233 1371 indumenta,
1277 1293 1661 1361 sanctitatis
1711 1295 1999 1381 effigiem
2050 1295 2495 1373 ostendentia,
2539 1294 2831 1378 desuper

504 1396 729 1481 gratia
772 1399 895 1462 tua
930 1396 1279 1481 irrigante,
1322 1396 1795 1477 beneffldicere
1839 1402 1911 1464 et
1963 1396 2462 1477 sanctiffificare
2506 1395 2827 1483 digneris.

510 1497 642 1563 Per
670 1497 1015 1564 Christum
1045 1497 1404 1564 Dominum
1432 1505 1761 1567 nostrum.
1850 1500 2085 1566 Amen.

600 1599 782 1665 Alia
810 1602 1063 1666 oratio.

595 1703 824 1788 Aperi,
855 1723 1257 1787 quaesumus,
1287 1701 1593 1782 Domine,
1626 1703 1857 1770 oculos
1885 1710 2016 1771 tuae
2055 1703 2436 1790 majestatis
2464 1703 2550 1769 ad
2578 1704 2828 1790 bene-1<

508 1804 854 1870 dicendam
881 1805 1056 1870 hanc
1078 1805 1428 1870 viduitatis
1456 1809 1752 1883 vestem3
1799 1811 1879 1873 ut
1906 1828 2048 1892 quae
2078 1808 2148 1871 in
2171 1806 2499 1873 ordinatis
2528 1804 2829 1870 vestibus

510 1904 641 1967 viri
671 1904 776 1969 sui
798 1902 1033 1971 usibus
1062 1902 1337 1990 placuit,
1363 1905 1574 1970 sacris
1603 1905 1856 1982 induta,
1878 1905 2360 1973 benedictionis
2389 1909 2520 1971 tuoe
2541 1907 2829 1990 gratiam

511 2011 869 2073 mereatur.
958 2007 1089 2070 Per
1118 2006 1492 2072 Dominum.

594 2107 754 2168 Tunc
778 2116 969 2168 sumat
994 2110 1122 2187 ipsa
1149 2109 1401 2168 velamen
1427 2117 1479 2168 et
1504 2110 1765 2188 imponat
1791 2110 1975 2189 capiti
1998 2131 2117 2170 suo.

600 2204 1002 2270 Benedictio
1021 2213 1188 2286 post
1217 2214 1640 2287 assumptum
1669 2205 1996 2271 velamen.

600 2306 982 2384 Consolare,
1005 2306 1310 2384 Domine,
1333 2307 1508 2397 hanc
1534 2308 1855 2373 famulam
1884 2312 2072 2374 tuam
2101 2306 2454 2373 viduitatis
2477 2303 2826 2371 laboribus

510 2409 959 2488 constrictam,
983 2409 1158 2475 sicut
1174 2409 1508 2475 consolari
1525 2410 1845 2496 dignatus
1861 2429 1936 2474 es
1958 2409 2394 2494 Sareptenam
2413 2406 2681 2472 viduam
2703 2425 2826 2491 per

507 2510 732 2578 Eliam
755 2513 1197 2598 Prophetam3
1229 2513 1514 2578 concede
1534 2514 1596 2578 ei
1620 2512 1951 2599 pudicitiae
1969 2512 2282 2589 fructum,
2301 2518 2381 2576 ut
2397 2509 2822 2594 antiquarum

506 2636 640 2681 non
681 2615 1061 2680 meminerit
1088 2615 1546 2701 voluptatum:
1594 2617 1852 2681 nesciat
1881 2616 2084 2680 etiam
2127 2615 2465 2680 incentiva
2505 2612 2817 2678 vitiorum

501 2719 853 2795 desideria,
899 2723 977 2783 ut
1027 2718 1154 2783 soli
1206 2718 1331 2783 tibi
1380 2719 1624 2784 subdat
1674 2719 1948 2804 propria
1997 2718 2194 2793 colla,
2239 2738 2371 2802 quo
2422 2715 2640 2803 possit
2690 2735 2813 2800 pro

502 2820 845 2886 laboribus
866 2820 1097 2897 tantis,
1123 2822 1540 2906 sexagesimo
1564 2821 1778 2908 gradu
1795 2822 2138 2908 percipere
2159 2840 2401 2885 munus
2424 2817 2815 2883 delectabile

505 2924 907 3001 sanctitatis,
938 2944 1059 3008 per
1087 2922 1463 2989 Dominum.

504 3026 539 3102 †
581 3023 720 3084 Post
746 3025 859 3082 hoec
876 3032 1058 3101 ponat
1075 3024 1331 3104 pallium
1356 3045 1523 3103 super
1548 3034 1720 3104 caput
1747 3026 1883 3103 ejus,
1917 3026 2125 3085 dicens.

501 3218 537 3250 ¹*
573 3205 834 3287 Mai-qim·
873 3215 1019 3271 Ordo
1041 3216 1459 3271 consecrationis
1481 3216 1679 3272 viduae.

572 3305 711 3360 Ante
742 3304 936 3375 leyitar
968 3303 1333 3374 Evanqelium,
1369 3304 1545 3359 veniat
1585 3305 1750 3359 vidua
1791 3319 1967 3358 coram
2008 3306 2241 3375 episcopo
2281 3322 2402 3359 cum
2440 3306 2658 3359 vestibus
2690 3310 2819 3359 ante

497 3392 679 3447 altare.
776 3390 926 3445 Tunc
970 3391 1106 3445 dicet
1149 3384 1420 3460 episcopus
1465 3395 1657 3460 septem
1703 3390 1947 3445 Psalmos
1981 3392 2377 3460 poenitentiales
2423 3407 2545 3447 cnm
2591 3392 2811 3447 litania.

504 3478 653 3533 fimo
673 3479 911 3549 sequitan-
932 3477 1214 3532 benedictio
1236 3478 1675 3532 vestimentorum.

499 3568 538 3636 ἦ
572 3566 829 3636 Μανρίπ;
872 3564 1022 3619 Tunc
1051 3580 1194 3634 qemi
1216 3564 1378 3635 flexo,
1416 3564 1645 3634 incipiat
1678 3563 1953 3634 hymnum,
1982 3563 2123 3620 Veni
2161 3563 2401 3634 Creator,
2435 3568 2485 3619 et
2514 3569 2633 3635 post
2670 3564 2818 3621 Veni

500 3653 721 3708 Creator
729 3649 916 3722 faciat
928 3648 1312 3721 professionem
1334 3666 1505 3704 suam.
1848 3708 1855 3716 ,

569 3739 684 3793 The
706 3738 846 3792 form
868 3737 933 3792 of
948 3735 1244 3808 profession
1267 3737 1317 3790 is
1340 3737 1503 3807 given
1525 3753 1600 3791 on
1625 3736 1721 3791 the
1743 3737 1959 3809 margin
1982 3736 2045 3792 of
2059 3737 2151 3792 fol.
2181 3736 2284 3791 105
2309 3754 2371 3792 as
2392 3737 2605 3792 follows
2625 3757 2714 3792 :—

568 3824 686 3895 Ego
720 3823 790 3878 N.
828 3822 996 3879 vidua
1031 3838 1145 3876 non
1179 3821 1492 3892 conjugata,
1518 3822 1779 3894 promitto
1813 3827 1873 3878 et
1895 3839 2061 3878 voveo
2096 3823 2210 3878 Deo
2244 3829 2300 3878 et
2334 3824 2511 3879 beatae
2532 3823 2728 3879 Mariae
2762 3830 2823 3881 et

495 3911 701 3966 sanctis
723 3909 976 3964 omnibus
1010 3908 1069 3961 in
1106 3908 1401 3979 praesentia
1434 3914 1627 3978 vestra,
1653 3909 1945 3965 reverende
1979 3910 2041 3963 in
2077 3909 2295 3965 Christo
2329 3916 2485 3982 pater
2508 3916 2565 3965 et
2597 3911 2821 3967 domine

494 3998 582 4068 N„
609 3997 853 4069 episcope
877 3993 965 4063 N„
991 3994 1330 4065 propositum
1364 3995 1636 4051 castitatis
1661 3996 1896 4053 vidualis
1917 4002 2178 4069 perpetuo
2194 3996 2360 4068 juxta
2382 3997 2629 4068 regulam
2666 3999 2818 4055 beati

495 4086 674 4145 Pauli.
744 4082 816 4137 In
842 4082 1064 4137 nomine
1090 4082 1282 4137 Patris.

564 4174 769 4231 Deinde
807 4173 1022 4242 sianum
1061 4172 1234 4225 crucis
1258 4169 1441 4242 faciat
1482 4173 1545 4226 in
1571 4172 1694 4242 fine
1721 4173 2088 4245 professionis,
2133 4179 2180 4230 et
2221 4175 2404 4230 tradat
2444 4176 2677 4245 episcopo
2694 4195 2716 4239 ,·
2759 4183 2812 4230 et

486 4265 755 4334 episcopus
778 4259 1041 4317 benedicat
1051 4259 1288 4330 pallium
1312 4275 1431 4313 cum
1456 4260 1573 4314 velo.
