3117 5025
781 373 1286 440 Reconciliatio
1322 374 1647 439 Ecclesia
1677 374 1785 439 vel
1819 375 2219 440 C'oemeterii.
2557 371 2645 437 95

328 574 749 644 orationibus
800 578 1050 646 nostris
1103 601 1251 645 eam
1300 585 1433 645 tuae
1485 578 1765 665 pietatis
1811 583 2124 664 respectu
2175 576 2652 657 sancti-blica,

327 683 531 762 atque
561 678 663 747 ita
683 682 900 749 omnis
930 683 1286 768 spirituum
1310 683 1801 747 immundorum
1830 683 1916 747 ab
1946 703 2030 747 ea
2049 681 2320 746 recedat
2346 679 2660 755 incursio,

330 786 406 844 ut
435 781 834 867 ubicumque
878 785 1086 850 fuerit
1115 785 1185 848 in
1229 786 1494 850 nomine
1518 772 1644 850 'tuo
1688 804 1990 869 aspersa,
2018 784 2244 869 gratia
2285 789 2416 848 tuas
2459 783 2658 847 bene-

331 883 644 950 dictionis
688 888 1019 965 adveniat‚
1066 894 1136 953 et
1179 889 1401 953 omnia
1453 887 1652 966 mala,
1698 894 1767 953 te
1810 888 2241 975 propitiante,
2284 885 2518 973 procul
2554 906 2661 950 re-

330 986 591 1053 cedant.
681 991 811 1056 Per
842 991 1124 1056 eundem
1156 990 1512 1058 Dominum
1544 998 1873 1057 nostrum.

415 1091 819 1159 Benedictio
849 1098 1172 1160 cinerum.

421 1194 589 1257 Cum
617 1193 946 1262 Dominus
977 1197 1343 1262 vobiscum.
1431 1194 1736 1262 Oremus.

424 1299 685 1364 Oratio.
775 1300 1211 1387 Omnipotens
1253 1302 1660 1385 sempiterne
1703 1298 1909 1375 Deus,
1940 1318 2137 1383 parce
2181 1296 2658 1376 metuentibus,

329 1401 694 1486 propitiare
725 1403 1283 1490 supplicantibus,
1305 1411 1378 1469 et
1405 1403 1676 1469 mittere
1704 1402 1984 1488 dignare
2009 1406 2313 1466 sanctum
2345 1399 2659 1487 angelum

327 1509 518 1568 tuum
563 1505 644 1570 de
690 1506 892 1584 coelis,
924 1507 1040 1591 qni
1079 1507 1512 1592 bene-xndicat
1554 1513 1626 1571 et
1671 1502 2122 1583 sanctifflficet
2163 1505 2422 1569 cineres
2464 1504 2656 1583 istos,

327 1612 407 1672 ut
465 1608 603 1673 sint
659 1611 1021 1675 remedium
1084 1611 1381 1676 salutare
1441 1610 1751 1675 omnibus
1800 1630 2044 1674 nomen
2101 1614 2294 1675 tuum
2347 1615 2653 1674 sanctum

323 1710 673 1777 humiliter
712 1713 1245 1798 implorantibus,
1277 1735 1355 1779 ac
1401 1713 1820 1797 semetipsos,
1852 1733 1974 1797 pro
2018 1712 2426 1777 conscientia
2452 1711 2655 1777 delic-

323 1819 545 1878 torum
595 1836 866 1880 suorum
918 1817 1411 1893 accusantibus,
1466 1821 1670 1899 atque
1723 1820 1879 1879 ante
1941 1820 2364 1900 conspectum
2415 1815 2656 1880 divinae

326 1916 693 1983 clementiae
736 1925 869 1983 tuae
911 1920 1211 1986 facinora
1255 1941 1378 1985 sua
1428 1918 1956 2003 deplorantibus,
2001 1917 2107 1981 vel
2160 1918 2654 1983 serenissimam

321 2020 646 2105 pietatem
704 2028 890 2086 tuam
950 2023 1339 2108 suppliciter
1396 2023 1765 2106 obnixeque
1823 2022 2332 2108 flagitantibus3
2385 2030 2649 2108 praesta‚

330 2144 733 2207 quaesumus,
764 2147 887 2210 per
926 2125 1413 2191 invocationem
1463 2125 1866 2190 sanctissimi
1898 2125 2186 2189 nominis
2230 2125 2353 2202 tui,
2385 2131 2460 2191 ut
2506 2127 2651 2211 qui·

324 2249 606 2312 cumque
638 2251 753 2316 eos
785 2252 986 2315 super
1015 2252 1087 2295 se
1118 2230 1530 2317 asperserint
1560 2251 1679 2314 pro
1723 2229 2177 2315 redemptione
2208 2234 2651 2314 peccatorum,

318 2332 618 2415 corporis
673 2332 1030 2398 sanitatem
1090 2339 1161 2399 et
1210 2333 1445 2399 animae
1497 2332 1781 2399 tutelam
1834 2331 2228 2418 percipiant.
2317 2332 2450 2397 Per
2505 2332 2640 2398 Do-

315 2436 592 2500 minum.

411 2539 572 2599 Tunc
599 2540 941 2600 misceantur
964 2541 1057 2600 sal
1077 2548 1129 2600 et
1156 2540 1303 2599 cinis
1329 2540 1396 2599 in
1420 2541 1653 2599 modum
1678 2541 1879 2614 crucio,
1907 2541 2164 2601 dicendo.

409 2642 490 2722 ἧς
517 2638 676 2703 Fiat
699 2638 1081 2703 commixtio
1107 2637 1272 2702 salis
1303 2641 1375 2702 et
1397 2637 1663 2703 cineris.
1752 2637 1831 2704 In
1857 2638 2121 2703 nomine
2151 2638 2378 2704 Patris
2394 2643 2468 2704 et
2486 2638 2642 2704 Filii

319 2744 396 2804 et
426 2740 715 2824 Spiritus
748 2741 997 2806 Sancti.
1086 2743 1321 2806 Amen.

404 2842 491 2902 Et
528 2845 816 2922 episcopm
842 2852 925 2902 ter
963 2844 1245 2922 accipiens
1284 2851 1560 2921 quantum
1586 2844 1813 2923 puqillo
1852 2865 2048 2924 capere
2076 2853 2275 2925 potest,
2286 2845 2481 2924 faeiat
2505 2847 2643 2908 inde

320 2960 539 2996 crucem
566 2947 646 2997 ter
671 2961 840 3016 super
865 2959 1077 3016 aquam
1103 2938 1310 2996 dicem.

410 3033 572 3097 Haec
624 3034 1004 3097 commixtio
1059 3032 1222 3097 salis
1282 3036 1352 3096 et
1403 3032 1647 3099 cineris
1699 3055 1847 3099 cum
1901 3056 2078 3121 aqua
2126 3036 2498 3116 benedicta,
2549 3037 2642 3103 sit

319 3137 738 3202 sanctificata
782 3135 865 3200 ad
897 3134 1461 3205 consecrationem
1508 3136 1712 3219 hujus
1756 3138 2050 3203 ecclesiae
2093 3145 2165 3204 et
2207 3139 2466 3206 altaris.
2556 3141 2639 3206 In

318 3241 584 3304 nomine
615 3239 839 3304 Patris
868 3236 949 3316 ᾧ
977 3244 1049 3303 et
1079 3241 1234 3305 Filii
1263 3237 1345 3316 ᾧ
1374 3247 1444 3306 et
1476 3240 1770 3324 Spiritus
1796 3237 1877 3317 ᾧ
1910 3241 2156 3307 Sancti.
2244 3245 2481 3308 Amen.

408 3344 758 3425 Sequitur.
845 3341 1172 3409 Dominus
1202 3345 1564 3410 vobiscum.
1654 3341 1958 3408 Oremus.

442 3446 706 3510 Oratio.
824 3445 1028 3525 Deus,
1085 3447 1346 3514 invictae
1409 3447 1685 3513 virtutis
1744 3454 1979 3512 auctor
2042 3451 2114 3512 et
2169 3449 2644 3532 insuperabilis

318 3549 582 3634 imperii
625 3570 746 3612 rex
791 3571 870 3614 ac
922 3571 1188 3635 semper
1229 3551 1624 3637 magnificus
1673 3551 2143 3635 triumphator,
2189 3553 2306 3636 qui
2347 3552 2644 3619 adversm

319 3653 793 3718 dominationis
845 3653 1025 3718 vires
1074 3654 1407 3739 reprimis,
1459 3655 1575 3740 qui
1635 3654 1883 3719 inimici
1943 3654 2274 3741 rugientis
2319 3656 2642 3722 saevitiam

323 3777 624 3842 superas,
656 3756 770 3840 qui
800 3756 1084 3822 hostiles
1114 3758 1448 3842 nequitias
1477 3763 1791 3843 potenter
1820 3779 2186 3843 expugnas,
2218 3764 2307 3834 te,
2337 3758 2642 3838 Domine,

320 3868 686 3927 trementes
734 3867 803 3927 et
834 3862 1167 3948 supplices
1211 3863 1651 3949 deprecamur
1690 3883 1769 3927 ac
1813 3863 2124 3947 petimus,
2154 3870 2233 3929 ut
2262 3865 2433 3929 hanc
2462 3886 2645 3929 crea-

321 3974 542 4032 turam
591 3965 755 4031 salis
803 3970 873 4030 et
921 3966 1164 4031 cineris
1209 3971 1281 4032 et
1326 3988 1511 4051 aquoe
1556 3967 1916 4052 dignanter
1961 3967 2267 4053 accipias,
2311 3968 2646 4054 benignus

320 4069 649 4147 illustres,
683 4069 959 4154 pietatis
1003 4074 1134 4134 tuoe
1178 4091 1330 4134 rore
1378 4070 1858 4150 saneti-x-fices‚
1904 4076 1982 4134 ut
2025 4070 2397 4155 ubicunque
2440 4071 2647 4136 fuerit

320 4194 618 4258 aspersa,
650 4193 772 4258 per
814 4172 1297 4237 invocationem
1330 4173 1427 4237 tui
1476 4173 1690 4237 sancti
1719 4173 2006 4236 nominis
2038 4173 2253 4237 omnis
2296 4173 2642 4237 infestatio

318 4275 641 4342 immundi
672 4275 948 4363 spiritus
977 4275 1352 4360 abjiciatur,
1384 4281 1731 4361 terrorque
1763 4276 2080 4341 venenosi
2126 4275 2454 4362 serpentis
2489 4297 2641 4362 pro-
