3117 5025
937 429 1376 497 consecratio
1409 431 2005 499 Sanctimonialie.
2499 432 2626 498 173

309 662 340 695 .·
391 626 555 689 Tunc
591 641 930 712 *aspefqatur
973 656 1128 734 aqaa
1167 637 1457 701 benedicta
1502 646 1554 701 et
1583 646 1843 719 ponatur
1886 639 1952 699 in
2005 638 2190 717 diqito
2233 639 2373 717 ejus,
2412 638 2628 697 dicente

304 741 580 802 epzscopo.
1566 770 1569 773 -

309 872 314 877 .
395 821 645 906 Accipe
676 826 995 893 annu-lum
1028 850 1223 914 quem
1253 832 1559 916 perferas
1588 835 1746 897 ante
1772 834 2042 917 Agnum
2068 851 2389 917 sponsum
2419 834 2633 906 tuum,

304 921 664 993 Dominum
710 928 754 994 J
756 951 944 996 esum
990 931 1357 1011 Christum,
1388 933 1460 1009 in
1488 934 1599 999 die
1646 934 2019 1000 coelestium
2047 935 2460 1021 nuptiarum.
2547 933 2628 998 In

304 1029 572 1094 nomine
603 1031 829 1099 Patris
858 1039 931 1100 et
958 1035 1118 1101 Filii
1149 1042 1221 1103 et
1252 1037 1550 1122 Spiritus
1581 1036 1837 1104 Sancti.
1923 1038 2163 1104 Amen.

386 1131 518 1203 Quor
536 1132 703 1207 facte,
730 1136 940 1196 iterum
963 1159 1018 1196 se
1042 1147 1388 1216 prosternat,
1417 1148 1470 1199 et
1495 1140 1785 1221 episcopus
1811 1141 1970 1199 dicat
1996 1140 2329 1199 orationem.

392 1226 583 1293 Deus
624 1230 936 1309 clemens,
983 1232 1169 1299 Deus
1220 1235 1624 1314 misericors,
1669 1236 1779 1300 cui
1823 1240 2065 1302 cuncta
2106 1236 2286 1300 bona
2334 1233 2626 1320 placent,

306 1329 452 1394 sine
484 1352 615 1416 quo
646 1333 816 1399 nihil
863 1341 1167 1402 sanctum
1212 1337 1591 1417 inchoatur,
1622 1339 1924 1423 nihilque
1968 1339 2217 1403 bonum
2262 1338 2630 1422 perficitur,

305 1433 535 1525 adsint
562 1438 815 1503 nostris
845 1439 1237 1529 humillimis
1266 1443 1579 1530 precibus
1608 1448 1741 1510 tuae
1783 1442 2062 1529 pietatis
2091 1462 2312 1519 aures,
2343 1445 2415 1506 et
2456 1441 2631 1506 hanc
2703 1487 2707 1491 -

304 1535 624 1625 famulam
680 1545 887 1620 tuam,
943 1544 1049 1608 cui
1108 1545 1180 1609 in
1232 1551 1466 1612 sancto
1516 1550 1638 1611 tuo
1697 1544 1965 1610 nomine
2020 1565 2225 1609 sacrae
2275 1543 2624 1629 religionis

307 1638 744 1730 imposuimus
808 1646 1133 1725 habitum,
1198 1670 1241 1713 a
1307 1649 1534 1714 mundi
1609 1649 2083 1735 impedimento
2148 1645 2257 1712 vel
2324 1646 2626 1712 saeculari

302 1740 638 1829 desiderio
689 1748 989 1828 defende,
1032 1756 1103 1817 et
1152 1754 1436 1819 concede
1481 1754 1547 1837 ei
1591 1759 1667 1820 ut
1710 1755 1780 1819 in
1831 1754 1957 1820 hoc
2003 1757 2237 1818 sancto
2279 1753 2626 1839 proposito

303 1845 544 1914 devote
609 1852 973 1937 persistere
1041 1861 1130 1934 et,
1189 1857 1586 1922 remissione
1651 1861 2075 1944 peccatorum
2143 1861 2481 1943 percepta,
2540 1857 2626 1923 ad

271 2016 284 2045 t
301 1951 670 2019 electorum
689 1960 956 2023 tuorum
974 1961 1384 2027 consortium
1405 1960 1633 2028 valeat
1649 1960 2044 2046 pervenire..
2111 1961 2243 2026 Per
2261 1958 2625 2043 Christum.

377 2159 589 2220 Postea
633 2163 959 2244 incipiatur
1009 2169 1083 2227 ab
1133 2169 1390 2248 episcopo
1440 2169 1556 2228 hoec
1605 2169 1922 2248 antiphona
1976 2168 2151 2230 Beati
2197 2168 2385 2240 eritis,
2436 2176 2501 2228 ut
2553 2169 2619 2227 in

298 2253 616 2338 ⁸Communi
641 2262 1017 2337 apostolorum
1043 2284 1173 2322 cum
1196 2265 1436 2343 psalm,

389 2351 625 2420 Lauda
653 2356 1079 2424 Hierusalem
1108 2359 1490 2425 Dominum.

297 2440 307 2528 J
380 2455 585 2517 Finito
608 2460 849 2537 psalm,
880 2470 1169 2541 repetatur
1194 2462 1529 2543 antiphona.

391 2554 727 2637 Sequitur
763 2558 1007 2623 Oratio
1039 2580 1192 2624 cum

393 2657 698 2725 Oremus.

393 2758 927 2829 Clementissime
949 2764 1345 2830 Dominator
1364 2764 1672 2843 Domine,
1691 2769 1877 2830 tuam
1895 2763 2281 2829 invocamus
2304 2762 2621 2849 pietatem

304 2885 510 2948 super
566 2866 739 2932 hanc
796 2867 1116 2932 famulam
1154 2859 1382 2946 tuam,
1443 2890 1643 2954 quam
1704 2888 1746 2931 a
1807 2866 2045 2931 soeculo
2105 2888 2492 2932 conversam
2552 2868 2620 2931 in

303 2988 582 3033 numero
615 2975 996 3034 sanctorum
1042 2978 1313 3036 tuorum
1344 2971 1674 3037 accersire
1705 2971 2022 3056 dignatus
2066 2991 2140 3035 es
2160 2994 2178 3048 ;
2225 2992 2622 3055 quaesumus,

298 3076 380 3135 ut
423 3072 880 3138 conversionis
934 3094 1067 3139 suae
1118 3074 1315 3139 fidem
1363 3073 1562 3160 digne
1610 3073 1969 3150 custodiat,
2014 3077 2086 3138 et
2137 3073 2449 3158 quicquid
2500 3095 2622 3160 pro

300 3174 525 3239 salute
577 3175 813 3241 animae
867 3174 1021 3241 suae‘
1050 3176 1258 3243 fuerit
1308 3177 1686 3262 deprecata,
1736 3176 2075 3253 obtineat3
2138 3177 2229 3242 sit
2278 3177 2421 3242 vita
2469 3198 2620 3261 pro-

294 3257 564 3355 babilis,
611 3279 701 3345 sit
747 3280 1019 3365 sapiens
1072 3286 1144 3345 et
1193 3281 1489 3357 humilis,
1533 3281 1628 3346 sit
1680 3280 1963 3346 scientia
2013 3300 2193 3356 vera,
2240 3281 2621 3347 obedientia

296 3378 504 3458 clara,
534 3382 934 3447 conveniens
965 3383 1034 3446 in
1063 3383 1389 3459 doctrina,
1419 3383 1489 3446 in
1520 3382 2093 3467 increpationibus
2136 3382 2516 3461 immobilis,
2547 3377 2617 3447 in

295 3483 636 3573 gravitate
666 3484 927 3562 decora,
960 3485 1029 3548 in
1058 3485 1371 3569 passione
1402 3485 1733 3571 piissima,
1766 3484 1834 3548 in
1881 3484 2266 3569 operatione
2298 3489 2516 3563 cauta,
2549 3486 2616 3550 in

295 3586 735 3671 dispositione
798 3588 1112 3666 sollicita,
1173 3588 1242 3652 in
1311 3589 1869 3673 temptationibus
1935 3587 2153 3664 fortis,
2213 3588 2282 3650 in
2350 3588 2615 3671 injuriis

294 3692 587 3775 patiens,
616 3692 687 3756 in
730 3713 893 3778 pace
935 3693 1090 3769 fixa,
1119 3692 1190 3757 in
1237 3691 1679 3777 eleemosynis
1724 3697 2052 3777 prompta,
2084 3691 2154 3755 in
2200 3689 2615 3758 orationibus

292 3783 633 3879 frequens,
693 3796 764 3860 in
822 3796 1281 3862 misericordia
1336 3793 1590 3872 efficax,
1650 3796 1719 3859 in
1781 3795 2067 3860 subditis
2125 3795 2274 3882 pia3
2344 3816 2465 3872 nec
2526 3797 2618 3864 sit

291 3899 642 3962 immemor
681 3899 855 3984 quod
904 3921 948 3964 a
991 3903 1060 3963 te
1090 3899 1171 3963 de
1220 3920 1342 3963 suo
1388 3899 1519 3963 erit
1561 3898 1741 3964 facto
1782 3903 1901 3963 tuo
1937 3897 2190 3981 judicio
2227 3897 2611 3981 judicanda.

289 4004 519 4089 Hujus
544 4002 826 4089 quoque,
851 4003 1153 4080 Domine,
1178 3999 1548 4086 precamur,
1575 4007 1652 4067 ut
1671 4022 1950 4067 munera
1971 4000 2276 4087 placatus
2300 4001 2608 4088 accipiaS‚

289 4094 363 4178 et
403 4106 735 4196 quicquid
762 4130 805 4174 a
849 4113 917 4174 te
959 4107 1254 4192 petierit,
1288 4101 1654 4172 clementer
1697 4105 2027 4191 impertiri
2072 4105 2391 4191 digneris.
2480 4106 2611 4201 Per

290 4222 672 4289 Dominum.
1057 4226 1068 4234 “
1498 4223 1506 4231 ’
