3117 5025
978 337 1349 400 Ordinatio
1384 336 1904 419 Acolytkorum.
2527 335 2611 398 13

302 516 497 571 tenus
528 508 612 572 ad
641 513 954 573 aeternam
983 509 1582 574 remunerationem
1614 508 1959 591 pervenire
1991 513 2391 573 mereantur.
2487 509 2614 572 Per

299 611 583 674 eundem
615 611 989 678 Dominum.

404 714 485 771 Et
536 722 688 785 nota,
720 714 882 790 quod
926 713 1164 789 quidam
1217 713 1478 790 episcopi,
1523 721 1652 771 ante
1705 713 1789 771 vel
1820 721 1949 790 post
1994 712 2285 790 quemlibet
2338 712 2611 782 ordinem,

301 810 666 886 alloquuntur
695 809 984 866 ordinatos
1020 817 1070 866 et
1108 808 1398 866 instruunt
1436 808 1504 866 de
1545 829 1736 865 eorum
1775 808 1967 884 officio,
1997 807 2336 866 exhortando
2375 807 2454 864 ad
2486 808 2613 865 bene

284 904 622 981 faciendum
665 914 715 963 et
737 927 849 983 pro
889 927 948 963 eo
985 905 1284 976 orandum,
1328 913 1377 962 et
1417 905 1536 982 ipsi
1574 925 1812 964 manum
1854 906 1970 981 ejus
2017 905 2357 976 osculantur,
2395 912 2445 963 ct
2491 905 2613 983 ipse

301 1001 382 1058 eis
410 1001 693 1059 benedicat
719 1001 786 1058 in
811 1022 1039 1059 recessu.

417 1095 597 1167 Tunc,
652 1096 790 1154 lecta
833 1097 1058 1155 lectione
1092 1104 1298 1173 quarta
1342 1104 1392 1153 et
1433 1095 1604 1152 dictis
1647 1095 1882 1171 qradali
1927 1102 1977 1153 ct
2024 1096 2293 1167 oratione,
2329 1096 2614 1174 episcopus

301 1212 603 1250 convocans
644 1192 723 1249 ad
761 1213 816 1249 se
855 1192 1148 1269 acolythos,
1189 1191 1456 1266 injunyat
1491 1189 1571 1247 eis
1624 1189 1814 1247 Horas
1858 1190 2024 1247 beatae
2069 1191 2325 1266 Viryinis
2365 1193 2614 1269 quotidie

301 1287 587 1358 dicendas,
617 1294 668 1345 et
693 1287 842 1363 quod
866 1295 1019 1345 orent
1036 1307 1147 1364 pro
1174 1307 1250 1357 ec,
1274 1285 1502 1362 aliquid
1527 1292 1736 1343 certum
1762 1285 1817 1343 si
1841 1285 2075 1344 volucrit
2103 1286 2454 1363 imponendo.

382 1381 607 1439 Deinde
632 1382 787 1439 dicat
814 1381 1264 1438 archidiaconus.

392 1478 735 1542 Decedam:
768 1477 880 1561 qui
913 1476 1198 1540 ordinati
1231 1480 1388 1539 sunt
1416 1474 1750 1559 Acolythi.

393 1578 555 1637 Tunc
603 1580 821 1655 leqatur
869 1579 1026 1637 lectio
1067 1577 1285 1655 quinta,
1333 1576 1596 1657 Angelus
1647 1577 1901 1636 Domini.
1987 1578 2116 1651 Qua
2160 1579 2315 1654 lecta,
2356 1591 2619 1659 sequatur

309 1676 549 1736 Tractus
574 1677 660 1734 vel
689 1674 968 1734 Alleluia.

789 1773 1045 1836 Postea
1075 1772 1269 1835 dicat
1296 1773 1672 1851 episcopus.
1763 1771 1902 1835 Pax
1930 1773 2133 1837 vobis.

389 1874 474 1932 Et
516 1874 672 1932 dicat
726 1875 1054 1946 orationem,
1086 1874 1243 1933 Deus
1278 1875 1378 1951 qui
1419 1875 1610 1933 tribus
1648 1875 1846 1953 pueris
1888 1882 1938 1932 et
1973 1876 2281 1933 orationem
2313 1899 2425 1956 pro
2465 1880 2616 1938 ordi-

309 1970 541 2041 nandis,
571 1970 670 2027 sub
695 1991 808 2028 uno
837 1970 949 2030 Per
979 1970 1307 2030 Dominum.
