3117 5025
487 381 616 444 188
1129 386 1651 450 Benedictiones
1682 381 2156 465 Episcopales.

563 584 613 648 I
607 607 648 645 n
655 587 806 663 festo
838 586 899 647 S.
931 587 1245 648 Michaelis
1264 588 1612 665 archanyeli.

563 768 932 855 Multiplici
979 789 1102 833 vos
1155 768 1483 835 Dominus
1527 768 1995 835 benedictione
2040 764 2430 852 locupletet,
2476 763 2589 850 qui
2638 762 2801 828 soll-

483 871 809 937 emnitate
884 871 1210 957 principis
1284 871 1849 958 archangelorum
1922 870 2173 935 mundo
2248 868 2500 956 gaudia
2572 866 2805 931 infert.

547 994 650 1037 me
704 1022 721 1040 .

481 975 807 1160 AEtnqui
854 1075 1121 1141 devicto
1165 1076 1495 1142 hodierna
1541 1077 1651 1141 die
1681 1076 1880 1142 hoste
1927 1076 2209 1160 antiquo
2254 1075 2654 1161 triumphat,
2687 1094 2812 1137 suo

478 1177 870 1243 interventu
915 1178 1264 1243 molimina
1308 1178 1610 1263 ejusdem
1665 1179 1978 1244 draconis
2032 1200 2354 1264 superare
2405 1199 2530 1243 vos
2574 1175 2805 1242 faciat.

548 1301 722 1345 men.

484 1281 917 1469 AQuatenus
963 1383 1045 1449 de
1092 1383 1446 1449 animabus
1492 1384 1742 1449 vestris
1787 1382 2089 1449 coelestia
2132 1383 2325 1448 lucra
2368 1384 2694 1467 reportet,
2737 1385 2810 1443 et

481 1486 879 1573 hymnidicis
924 1486 1322 1574 angelorum
1355 1487 1581 1552 choris
1626 1492 1957 1574 perpetua
2001 1508 2123 1552 vos
2153 1484 2614 1552 exsultatione
2657 1504 2811 1548 con-

487 1589 721 1655 societ.
809 1590 1046 1654 Amen.

566 1692 757 1778 Quod
787 1694 953 1785 ipse.

560 1875 646 1937 In
654 1876 804 1955 sesto
838 1876 1259 1956 Reliquiarum.
1339 1876 1692 1939 Benedictio.

569 2057 775 2135 Deus,
821 2057 1014 2142 cujus
1059 2058 1420 2144 prudentia
1462 2059 1767 2143 pretiosa
1810 2079 1992 2123 mors
2040 2062 2424 2122 sanctorum
2469 2059 2656 2122 facta
2699 2064 2808 2120 est

482 2163 1020 2229 immortalitatis
1072 2163 1363 2240 initium,
1408 2163 1671 2229 tribuat
1722 2163 1913 2252 vobis
1958 2162 2147 2226 illius
2199 2162 2351 2227 vitae
2398 2161 2805 2226 desiderium

484 2272 765 2331 cunctas
795 2265 1138 2351 despicere
1167 2265 1526 2331 illecebras
1556 2265 1902 2331 fallacium
1934 2265 2356 2351 gaudiorum.
2444 2267 2687 2329 Amen.

572 2367 831 2453 Quique
864 2373 1249 2434 sanctorum
1283 2387 1558 2458 suorum
1583 2368 1891 2452 reliquiis
1922 2388 2050 2431 nos
2072 2368 2141 2431 in
2164 2367 2508 2431 hodiernis
2535 2365 2806 2430 sollem-

482 2470 615 2536 niis
661 2471 1073 2549 consolatur,
1107 2472 1403 2558 ipsorum
1435 2471 1967 2558 suffragantibus
2010 2470 2294 2548 meritis,
2323 2470 2519 2536 vobis
2561 2471 2801 2556 gratiae

486 2595 623 2639 suae
654 2575 1066 2640 affluentiam
1098 2574 1455 2661 largiatur.
1542 2576 1783 2639 Amen.

570 2678 716 2763 Quo
776 2679 1076 2764 ipsorum
1143 2680 1349 2744 vitam
1412 2698 1534 2762 pro
1595 2678 1853 2743 viribus
1914 2678 2262 2743 imitantes
2324 2682 2395 2742 et
2455 2678 2805 2763 suffragiis

482 2781 721 2863 adjuti,
747 2782 1112 2846 eorundem
1135 2781 1675 2847 indeficientibus
1703 2781 1972 2867 gaudiis
1995 2781 2383 2847 mereamini
2416 2781 2806 2865 perenniter

485 2884 752 2950 sociari.
840 2886 1082 2951 Amen.

565 3068 650 3128 In
676 3068 773 3128 die
803 3068 1082 3129 Omnium
1107 3068 1470 3129 Sanctorum.

571 3246 936 3313 Benedicat
995 3268 1117 3312 vos
1169 3248 1593 3333 omnipotens
1653 3247 1839 3313 Deus
1890 3269 2012 3333 per
2062 3249 2352 3313 omnium
2417 3253 2801 3314 sanctorum

483 3348 1041 3434 gloriosissimam
1082 3350 1654 3428 intercessionem,
1701 3356 1772 3416 et
1816 3356 2115 3416 vestram
2161 3350 2612 3436 placidissime
2656 3353 2806 3438 dig-

482 3457 687 3517 netur
719 3454 1058 3539 suscipere
1088 3452 1535 3516 humillimam
1572 3453 2020 3517 devotionem.
2108 3456 2346 3517 Amen.

570 3554 664 3620 Et
709 3541 991 3640 quorum
1035 3555 1105 3619 in
1136 3555 1341 3619 terris
1385 3555 1585 3619 corde
1634 3555 1897 3621 sincero
1942 3556 2402 3622 felicissimum
2448 3555 2811 3622 celebratis

481 3658 919 3742 triumphum,
973 3658 1141 3743 ipsis
1194 3657 1685 3742 opitulantibus
1739 3659 1823 3724 ad
1884 3680 2118 3724 eorum
2170 3660 2241 3724 in
2295 3661 2478 3725 coelis
2530 3661 2808 3744 perduci

481 3760 874 3825 mereamini
905 3760 1347 3826 desiderabile
1379 3764 1811 3827 consortium.
1900 3764 2137 3829 Amen.

570 3862 916 3947 Quatenus
966 3863 1221 3929 terreni
1266 3865 1564 3950 contagii
1608 3866 1892 3932 maculis
1937 3865 2304 3942 emundati,
2352 3886 2432 3931 ac
2473 3867 2807 3933 virtutum

482 3966 782 4032 omnium
812 3964 1239 4031 radiantibus
1283 3966 1708 4053 lampadibus
1737 3968 2069 4046 exornati,
2103 3973 2174 4033 et
2220 3967 2603 4034 coelestibus
2649 3992 2811 4034 con—

470 4068 672 4154 jungi
701 4066 991 4132 valeatis
1014 4067 1330 4133 decenter
1353 4071 1754 4156 agminibus,
1780 4075 1849 4135 et
1871 4071 2165 4135 venienti
2191 4092 2434 4156 sponso
2458 4093 2810 4137 occurrere

484 4192 632 4235 cum
665 4170 989 4235 bonorum
1019 4190 1296 4255 operum
1326 4172 1746 4259 fulgentibus
1776 4172 2240 4238 luminaribus.
2329 4175 2566 4239 Amen.

566 4273 755 4357 Quod
787 4273 954 4358 ipse.
