3117 5025
1059 392 1423 461 Dedicatio
1451 390 1803 462 Ecclesiae.
2520 389 2615 463 67

375 591 679 660 Oremus.

397 695 601 776 Deus,
661 698 777 782 qui
841 699 1054 767 Jacob
1117 700 1370 769 famulo
1437 707 1556 770 tuo
1614 702 1968 791 praeelecto
2035 698 2476 769 ascendentes
2542 703 2615 769 et

275 794 756 867 descendentes
808 802 878 866 in
921 803 1457 890 praefiguratione
1513 813 1895 873 sanctorum
1938 804 2446 892 praedicatorum
2492 823 2610 869 an-

271 900 466 986 gelos
518 906 917 985 ostendisti;
971 909 1279 986 concede,
1332 931 1732 995 quaesumus,
1777 929 2012 975 omnes
2062 908 2149 975 ad
2199 908 2375 972 hanc
2427 907 2611 971 dedi-

273 1005 606 1070 cationem
648 1008 941 1075 ecclesiae
986 1011 1356 1090 venientes,
1401 1012 1854 1099 apostolorum
1906 1017 2174 1077 tuorum
2221 1008 2397 1075 tueri
2442 1030 2607 1094 prae·

273 1108 465 1187 sidio,
498 1117 831 1195 quatenus
874 1115 989 1200 qui
1037 1136 1302 1181 sursum
1345 1121 1653 1181 sanctum
1697 1122 1900 1201 caput
1941 1114 2256 1191 ecclesiae‚
2297 1111 2612 1179 videlicet

271 1209 652 1293 Dominum,
697 1218 1250 1303 contemplantur,
1294 1241 1417 1306 pro
1468 1221 1578 1285 his
1626 1219 2035 1296 intercedere
2085 1238 2221 1284 non
2273 1215 2605 1282 desistant

275 1314 391 1399 qui
422 1314 489 1379 in
520 1316 695 1382 vivis
725 1326 1098 1385 versantur.
1187 1320 1319 1385 Per
1346 1320 1726 1387 Dominum.

355 1417 570 1477 Finita-
595 1421 867 1494 oratione,
891 1422 1255 1500 inqrediatur
1280 1424 1570 1503 episcopas
1596 1423 1883 1484 ecclesiam
1908 1441 2039 1482 cum
2061 1419 2248 1482 schola
2275 1427 2327 1480 et
2351 1418 2605 1499 incipiat

280 1513 431 1573 hanc
458 1516 852 1595 antiphonam.

887 1698 1789 1738 ———-——·—-—·-·

362 1818 709 1886 Be-ne-dic
767 1821 871 1888 Do
894 1860 923 1873 -
952 1823 1043 1888 mi
1074 1861 1104 1874 -
1133 1844 1218 1890 ne
1277 1824 1576 1889 do-mum
1634 1824 1865 1890 is-tam
1923 1842 2122 1907 quam
2189 1839 2242 1887 ω
2273 1857 2302 1871 -
2331 1819 2400 1885 di
2431 1858 2461 1870 -
2490 1819 2536 1882 fi
2568 1856 2597 1870 -

272 1983 2601 2117 w

274 2134 509 2198 ca-vi
565 2133 933 2199 no-mi-ni
992 2139 1217 2213 tu-o,
1277 2141 1355 2200 ut
1400 2134 1538 2200 sint
1585 2134 1882 2200 o-cu-li
1926 2132 2114 2200 tu-i
2199 2128 2600 2217 a-per-ti

272 2300 1591 2433 Q

276 2482 504 2549 su-per
547 2482 585 2528 e
643 2500 671 2513 -
700 2482 812 2527 am
883 2462 950 2526 di
981 2500 1009 2513 -
1039 2499 1065 2512 ··
1098 2482 1134 2528 e
1195 2484 1274 2529 ac
1318 2467 1533 2529 nocte.

699 2592 2292 2725 Q

359 2754 704 2821 Psalmus.
793 2753 1117 2840 Mag-nus
1147 2753 1551 2819 Do-mi-nus.
1644 2775 1681 2819 e
1740 2775 1785 2818 ιι
1846 2774 1886 2819 o
1944 2775 1991 2817 u
2099 2772 2140 2816 a
2187 2773 2245 2818 e.

353 2857 433 2916 Et
469 2857 645 2916 vadat
684 2855 969 2933 episcopus
1005 2855 1073 2913 de
1109 2855 1233 2933 ipso
1273 2855 1470 2927 altari,
1511 2854 1824 2934 sparqendo
1862 2874 2075 2933 aquam
2115 2853 2458 2913 benedictam
2488 2872 2598 2930 per

272 2952 523 3011 medium
563 2950 799 3010 ecclesiae
837 2949 906 3008 in
953 2949 1182 3027 lonyum
1220 2958 1271 3009 et
1317 2950 1384 3009 in
1431 2951 1632 3021 latum,
1660 2950 1933 3028 jaciendo
1972 2970 2191 3010 crucem
2228 2969 2397 3028 super
2438 2968 2599 3007 omne

266 3046 677 3124 pavimentum,
710 3043 958 3104 canendo
984 3044 1130 3103 hanc
1158 3044 1553 3123 antiphonam.

356 3380 815 3447 Be-ne-dictus
863 3400 937 3445 es
987 3380 1059 3444 in
1100 3379 1381 3466 tem-plo
1427 3385 1658 3446 sancto
1705 3378 1821 3465 glo
1850 3417 1878 3429 -
1906 3378 1967 3442 ri
1999 3416 2026 3429 -
2056 3401 2109 3443 ae
2153 3384 2230 3444 tu
2259 3415 2285 3428 —
2317 3400 2370 3441 ω
2415 3376 2591 3462 quod

265 3558 2591 3676 ω

268 3728 322 3770 ae
352 3743 381 3757 -
412 3705 840 3771 di-fi·ca.-tum
899 3709 1008 3771 est
1063 3705 1149 3770 ad
1206 3704 1323 3770 lau
1352 3742 1379 3755 -
1410 3704 1560 3771 dem
1605 3710 1673 3770 et
1732 3704 1846 3792 glo
1876 3740 1904 3754 -
1933 3704 1993 3768 ri
2022 3742 2051 3755 -
2081 3726 2189 3770 am
2247 3705 2593 3771 no-mi-nis

265 3867 907 3983 Ξ

263 4018 342 4078 tu
371 4050 401 4062 -
418 4012 456 4076 -i
513 4010 873 4078 Do-mi-ne.

708 4166 2535 4314 Q

355 4337 704 4404 Psalmue.
796 4340 1006 4404 Be-ne
1038 4377 1064 4388 -
1096 4377 1121 4389 -
1154 4339 1410 4405 di-ci-te
1473 4340 1649 4404 omni
1683 4377 1711 4390 -
1743 4361 1804 4405 a..
1894 4361 1931 4404 e
1992 4361 2037 4404 u
2098 4360 2138 4404 o
2197 4363 2244 4403 u
2303 4362 2345 4406 a.
2403 4363 2459 4406 e.

440 4456 520 4520 8*
