3117 5025
746 365 1249 431 Reconciliatio
1282 363 1607 428 Ecclesiae
1638 361 1743 425 vel
1779 356 2177 423 C‘oemeterii.
2515 348 2600 412 99

286 582 2610 641 -ι--ι-ι-ι-ι-ι-ι-ι--ι-ι--Ι--Η-Ι--ῦ-Ι-ῑ

284 723 412 800 hic,
459 746 855 809 quaesumus,
912 724 1242 802 Domi-ne,
1286 721 1739 808 postmo-dum
1791 738 1981 783 no-ce
2013 753 2040 766 -
2070 718 2143 779 at
2191 704 2605 798 prae-te·ri-ti

287 1047 484 1133 culpa
512 1048 811 1134 conta-gi
840 1084 870 1099 ··
896 1049 944 1126 i,
977 1048 1176 1113 ni·hil
1207 1048 1297 1118 sit
1325 1047 1502 1133 quod
1529 1066 1754 1112 ma-ne
1786 1083 1813 1096 -
1845 1049 1919 1110 at
1975 1043 2000 1107 i
2031 1037 2345 1106 -ni-mi-ci
2372 1017 2606 1099 fraude

283 1213 2600 1239 ———————————-—-—-

290 1235 2601 1324 affl&

286 1373 665 1459 pullu-tum.
753 1373 1123 1458 Re-surgat
1166 1393 1354 1438 ve-ro
1406 1372 1639 1456 hu-jus
1682 1370 1839 1436 lo-ei
1886 1389 2084 1455 pu-ra
2130 1361 2602 1449 simpli-ei-tas,

295 1701 365 1761 et
422 1696 671 1761 candor
726 1696 1092 1761 inno-eenti
1126 1734 1152 1747 ·
1182 1720 1234 1761 ae
1300 1696 1630 1782 pristi-nae
1688 1690 2265 1766 imma-cu-la-tus,
2325 1691 2395 1751 et
2459 1683 2616 1747 dum

296 1869 2621 1974 Ἣ

300 2001 600 2087 re-ci-pit
641 2001 853 2086 gra-ti
881 2040 908 2052 -
940 2023 1047 2067 am
1091 2008 1531 2069 re-verta-tur
1571 2002 1657 2068 ad
1708 2001 1910 2087 glo-ri
1940 2037 1967 2049 -
1998 2020 2126 2064 am.
2216 1996 2619 2081 Qua-te-nus

306 2179 2625 2247 Q

306 2308 796 2395 po-pu-lo-rum
845 2312 1046 2375 turba
1097 2312 1405 2376 conve-ni
1434 2348 1460 2361 -
1493 2332 1634 2388 ens,
1666 2310 1822 2374 dum
1875 2307 2130 2393 pe-ti-ti
2162 2327 2230 2370 -o
2262 2303 2395 2367 -nis
2438 2302 2622 2386 inge-

309 2489 2626 2589 ὠ

309 2622 473 2682 runt
529 2622 733 2693 vo-ta,
795 2622 1160 2682 vo-to-rum
1229 2638 1300 2683 se
1362 2619 1594 2684 senti·
1626 2621 1746 2682 ant
1804 2616 2095 2682 ob·ti-nu
2125 2614 2316 2678 -isse
2387 2613 2626 2677 suffra-

307 2815 598 2861 1:15:-

311 2924 384 3010 gi
415 2961 442 2974 -
472 2945 535 2987 a.
595 2924 1022 2988 terminando
1079 2934 1349 2989 secrete.
1437 2926 1569 2990 Per
1617 2924 1975 2990 Dominum
2034 2928 2336 2988 nostrum
2396 2921 2440 2986 J
2443 2941 2628 2985 esum

316 3024 658 3090 Christum
702 3025 952 3090 Filium
993 3030 1204 3103 tuum,
1238 3027 1353 3111 qui
1396 3032 1617 3092 tecum
1662 3026 1828 3091 vivit
1879 3031 1949 3090 et
1988 3029 2226 3110 regnat
2258 3024 2329 3087 in
2372 3022 2632 3088 unitate

318 3128 609 3212 Spiritus
670 3127 917 3206 Sancti,
978 3127 1184 3206 Deus,
1243 3151 1363 3215 per
1428 3130 1650 3195 omnia
1711 3128 1952 3195 saecula
2012 3128 2418 3192 saeculorum.
2534 3127 2624 3190 R.

315 3232 551 3295 Amen.

396 3332 604 3390 Postea
625 3331 930 3390 circumeat
950 3333 1236 3412 episcopus
1262 3334 1549 3392 ecclesiam
1576 3333 1913 3392 intrinsecus
1929 3339 2012 3390 ter
2038 3351 2166 3390 cum
2185 3332 2424 3404 incenso,
2446 3330 2633 3390 eodem

318 3425 484 3484 modo
525 3425 867 3484 incensando
907 3447 1015 3504 quo
1055 3429 1352 3505 asperserit
1377 3448 1607 3507 aquam,
1641 3428 1919 3505 incipiens
1959 3427 2203 3504 qualibet
2241 3426 2358 3485 vice
2398 3427 2468 3484 ab
2494 3428 2634 3485 occi-

322 3519 483 3578 dente
501 3540 611 3597 per
652 3520 874 3577 boream
914 3521 993 3578 ad
1008 3529 1237 3599 partem
1263 3523 1610 3595 orientalem,
1640 3522 1950 3600 usquedum
1988 3521 2179 3580 redeat
2193 3542 2303 3599 per
2339 3522 2638 3580 sinistram

323 3617 391 3674 in
415 3614 753 3674 occidentem
780 3614 858 3672 ad
890 3615 1071 3674 locum
1095 3616 1197 3674 ubi
1220 3617 1510 3694 inceperit.

401 3709 475 3771 Si
497 3708 690 3785 fuerit
716 3711 1105 3783 coemeterium,
1132 3719 1216 3769 ter
1253 3712 1558 3770 circumeat
1582 3712 1869 3790 episcopus
1896 3733 2024 3772 cum
2057 3714 2278 3772 incenso
2301 3734 2324 3785 ;
2361 3713 2551 3790 primo
2576 3712 2643 3772 in

323 3803 619 3863 remotiori
646 3811 833 3880 parte,
861 3805 1097 3864 secwnolo
1136 3806 1204 3864 in
1240 3806 1446 3879 medio,
1474 3807 1637 3865 tertio
1664 3807 1839 3882 juxta
1880 3808 2182 3879 ecclesiam,
2213 3816 2264 3866 et
2303 3808 2550 3868 manime
2574 3809 2642 3867 in

328 3899 445 3958 loco
471 3897 686 3958 delicti.

406 3991 661 4051 Interim
687 4001 942 4052 cantetur
966 3994 1080 4053 hoec
1107 3995 1422 4073 antiphona
1449 4017 1486 4054 a
1515 3997 1696 4057 choro.
1731 4073 1737 4080 ι

415 4087 763 4171 Exsurgat
804 4087 989 4153 Deus
1035 4089 1116 4154 ad
1165 4090 1380 4155 nosti-i
1425 4091 1793 4157 famulatus
1840 4093 2228 4178 obsequium
2278 4100 2347 4159 et
2389 4095 2457 4158 in
2502 4095 2647 4160 loco

332 4194 567 4254 saneto
599 4190 748 4271 ejus
780 4190 900 4255 fiat
930 4191 1410 4257 benedictionis
1441 4199 1892 4278 augmentum.

423 4292 541 4355 Ps.
635 4291 980 4379 Exsurget
1012 4293 1215 4359 Deus.

524 4393 646 4456 12*
