3117 5025
486 415 613 480 158
1210 418 1651 482 Consecratio
1695 417 2073 500 Viryinum.

476 653 1045 696 ..q-...4—

562 781 658 844 Te
689 802 1028 866 rogamus.

551 882 798 941 Interim
818 891 1142 962 prosternat
1168 903 1223 942 se
1248 883 1535 961 episcopus
1561 890 1613 940 et
1632 888 1959 960 percantent
1988 881 2281 940 litaniam.

562 1063 770 1121 Finita
797 1064 1029 1136 litania,
1061 1083 1290 1142 suo-qens
1315 1064 1604 1142 episcopus
1630 1063 1881 1141 incipiat
1889 1062 2094 1139 festive
2121 1062 2281 1122 Veni
2309 1061 2580 1123 Creator.
2675 1064 2803 1135 Quo

475 1160 642 1231 diem,
673 1169 868 1238 euryat
895 1162 1072 1238 vir90‚
1100 1169 1152 1220 et
1178 1161 1369 1219 veniat
1395 1168 1525 1219 ante
1548 1160 1798 1237 qradum
1825 1160 2050 1228 altaris,
2083 1168 2133 1219 et
2142 1159 2339 1236 faeiat
2354 1160 2784 1238 professionem.

559 1254 708 1340 Ego
741 1276 930 1320 soror
953 1255 1043 1321 N.
1074 1255 1398 1340 promitto
1431 1254 1873 1320 stabilitatem
1908 1259 1979 1319 et
2001 1256 2505 1319 conversionem
2536 1277 2799 1321 morum

471 1379 791 1436 meorum,
826 1364 895 1424 et
940 1358 1386 1425 obedientiam
1436 1357 1799 1422 seeundum
1843 1356 2152 1442 regulam
2187 1357 2404 1422 saneti
2452 1359 2806 1424 Benedicti

471 1460 622 1544 (vel
682 1460 910 1526 Sancti
963 1459 1361 1547 Augustini)
1415 1480 1640 1524 coram
1693 1458 1838 1523 Deo
1893 1463 1963 1523 et
2017 1458 2275 1524 sanetis
2330 1458 2481 1541 ejus
2540 1461 2611 1523 in
2672 1462 2803 1527 hoc

472 1565 904 1645 monasterio,
950 1564 1125 1649 quod
1172 1567 1634 1628 constructum
1690 1564 1798 1625 est
1841 1560 1912 1624 in
1956 1560 2209 1625 honore
2258 1560 2476 1625 sancti
2517 1563 2607 1627 N.
2655 1563 2809 1646 (vel

478 1672 724 1730 sanctae
745 1665 864 1752 N.)
886 1667 954 1730 in
975 1666 1338 1751 proesentia
1361 1665 1610 1749 domini
1635 1662 1931 1750 episcopi
1953 1668 2022 1728 et
2045 1663 2113 1746 in
2135 1664 2497 1748 praesentia
2520 1664 2803 1732 dominae

476 1769 836 1834 abbatissae
866 1770 1016 1854 (vel
1046 1767 1440 1854 priorissae.)

552 1872 635 1929 Et
673 1880 823 1943 tunc,
852 1874 1145 1948 affirmans
1185 1871 1334 1949 quod
1372 1870 1542 1943 dixit,
1571 1870 1800 1947 siqnum
1825 1868 2008 1927 amois
2047 1888 2177 1926 cum
2216 1876 2477 1927 encausto
2498 1868 2697 1947 faciat
2736 1870 2804 1929 in

461 1965 586 2043 fine
618 1965 1000 2043 professionis,
1027 1974 1079 2025 et
1106 1986 1324 2073 ponens
1361 1985 1529 2043 super
1555 1964 1758 2036 altare,
1787 1963 2131 2022 deosculetur
2170 1963 2373 2021 altare.
2465 1963 2714 2033 Quam
2685 1985 2806 2043 epse

477 2060 773 2137 recipiens,
800 2061 1061 2120 videlicet
1085 2060 1394 2139 episcopus,
1426 2059 1767 2118 servandam
1794 2056 2007 2116 tradat.

561 2153 722 2213 Tune
741 2154 1013 2233 professa,
1040 2164 1195 2213 stans
1221 2162 1352 2212 ante
1378 2154 1582 2224 altare,
1614 2153 1773 2210 dicat
1799 2160 1884 2210 ter
1908 2151 2057 2209 hunc
2082 2171 2322 2210 versum.

565 2248 843 2335 Suscipe
890 2271 1015 2327 me,
1049 2250 1354 2325 Domine,
1389 2248 1752 2314 seeundum
1785 2245 2127 2329 eloquium
2172 2251 2384 2322 tuum,
2417 2250 2488 2310 et
2527 2245 2758 2310 vivam
2789 2270 2806 2322 ;

477 2356 548 2417 et
576 2373 710 2415 non
739 2352 1109 2417 confundas
1140 2372 1244 2416 me
1276 2352 1362 2416 ab
1393 2349 1899 2435 exspectatione
1931 2368 2103 2412 mea.

477 2455 626 2534 quod
651 2463 734 2516 ter
758 2462 1045 2533 repetatur
1069 2455 1140 2513 ab
1166 2454 1444 2526 omnibus,
1476 2461 1527 2512 et
1553 2453 1620 2510 in
1637 2453 1762 2531 fine
1789 2451 2041 2522 dicatur,

565 2550 801 2617 Gloria
831 2551 1042 2616 Patri.

555 2653 638 2712 Et
658 2661 850 2731 postea
876 2653 1270 2729 subjunqatur.

564 2749 775 2833 Kyrie
805 2748 1082 2813 eleison.

566 2852 837 2917 Christe
870 2851 1146 2916 eleison.

565 2955 779 3040 Kyrie
811 2954 1087 3020 eleison.

563 3063 768 3126 Pater
797 3063 1052 3123 noster.

563 3162 655 3227 Et
682 3183 768 3227 ne
798 3183 943 3226 nos.

561 3267 678 3331 Pe.
768 3264 1053 3331 Domine
1084 3262 1237 3349 quis
1267 3260 1624 3328 habitabit.

565 3367 799 3434 Gloria
827 3367 1039 3433 Patri.

478 3483 542 3538 et
562 3492 822 3555 preces.

564 3576 803 3641 Salvos
835 3575 942 3640 fae
974 3591 1208 3637 servos
1238 3573 1395 3635 tuos
1426 3573 1499 3634 et
1527 3565 1811 3633 ancillas
1841 3570 2023 3641 tuas,

561 3679 748 3744 Deus
778 3696 994 3754 meus,
1026 3678 1380 3760 sperantes
1410 3672 1482 3736 in
1514 3676 1604 3736 te.

564 3783 769 3850 Mitte
801 3783 900 3846 eis
930 3777 1257 3845 auxilium
1287 3774 1369 3841 de
1404 3778 1674 3850 sanct03

564 3886 657 3951 Et
685 3885 767 3948 de
800 3883 983 3948 Sion.

565 3989 734 4053 Esto
766 3985 890 4061 eis,
921 3980 1227 4058 Domine,
1259 3977 1471 4043 turris
1502 3973 1942 4052 fortitudinis,

564 4094 627 4157 A
655 4089 847 4154 faeie.

566 4193 761 4260 Nihil
792 4188 1100 4275 proficiat
1128 4183 1439 4250 inimicus
1468 4181 1539 4247 in
1570 4181 1705 4256 eis3

568 4299 660 4362 Et
687 4295 889 4360 filius.
