3117 5025
529 394 674 458 356
962 398 1484 465 Benedictiones
1514 404 1591 466 in
1628 403 2068 480 Quotidianis
2100 407 2379 470 Diebus.

621 603 1090 692 Concedatque
1123 609 1312 672 vobis
1343 614 1420 673 ut
1463 610 1577 694 qui
1623 611 1692 674 in
1734 609 1880 674 sola
1912 631 2028 695 spe
2073 614 2306 698 gratiae
2339 613 2634 678 coelestis
2666 613 2837 676 inni-

535 707 774 786 timini,
808 709 1060 775 coelesti
1096 712 1299 776 etiam
1332 715 1749 798 protectione
1782 715 2200 780 muniamini.
2292 718 2528 781 Amen.

628 814 971 897 Quatenus
993 824 1061 882 et
1080 817 1148 879 in
1171 819 1483 900 praesenti
1509 819 1746 882 saeculo
1772 821 2079 884 mortalis
2102 823 2253 887 vitae
2275 821 2518 886 solatia
2539 822 2844 907 capiatis,

542 922 612 982 et
644 919 1054 1002 sempiterna
1082 921 1332 1005 gaudia
1363 923 1924 1005 comprehendere
1962 925 2261 990 valeatis
2354 927 2586 990 Amen.

628 1022 814 1107 Quod
846 1025 1013 1110 ipse.
1104 1027 1335 1090 Amen.

628 1128 1037 1194 Benedictio.
1129 1130 1362 1194 Amen.

622 1352 770 1409 Item
798 1352 941 1410 alia.

634 1450 1074 1534 Omnipotens
1106 1448 1290 1536 Deus
1323 1450 1613 1514 dexterae
1661 1471 1792 1514 suae
1825 1456 2145 1536 perpetuo
2177 1451 2544 1516 circumdet
2573 1436 2847 1527 auxiliO,

542 1562 611 1619 et
640 1539 1176 1620 benedictionum
1198 1576 1487 1620 suarum
1520 1556 1785 1640 repleat
1817 1557 2014 1620 dono.
2103 1566 2338 1621 Arnen.

628 1660 734 1723 Ab
766 1659 945 1722 omni
977 1679 1098 1722 vos
1128 1661 1465 1743 pravitate
1498 1660 1836 1738 defendat,
1871 1668 1941 1723 et
1971 1661 2162 1724 donis
2196 1660 2576 1725 coelestibus
2607 1661 2850 1723 exube—

541 1785 694 1827 rare
726 1763 1069 1848 concedat.
1160 1763 1395 1826 Amen.
1820 1839 1826 1845 .

630 1867 771 1952 Quo
804 1887 1077 1952 corpore
1123 1867 1426 1932 mundati
1460 1889 1537 1932 ac
1581 1875 1827 1945 mente,
1860 1869 2066 1933 talem
2110 1869 2170 1932 ei
2219 1869 2593 1953 exhibeatis
2643 1868 2851 1932 servi-

539 1977 775 2047 tutem,
811 1992 931 2056 per
961 1992 1155 2055 quem
1192 1993 1381 2036 suam
1414 1974 1730 2058 consequi
1762 1972 2050 2038 valeatis
2080 1973 2644 2058 propitiationem.

627 2077 814 2162 Quod
848 2078 1011 2162 ipse.
1101 2078 1338 2141 Amen.

625 2182 1035 2247 Benedictio.
1126 2182 1360 2245 Amen.

619 2402 681 2458 A
690 2401 775 2458 zia
806 2400 1164 2459 Benedictio.

651 2498 966 2562 Purificet
1028 2490 1448 2582 omnipotens
1510 2496 1698 2562 Deus
1767 2503 2143 2562 vestrorum
2212 2497 2511 2561 cordium
2575 2513 2841 2572 arcana,

531 2610 601 2667 et
630 2603 1118 2668 benedictionis
1154 2624 1286 2665 suae
1317 2602 1508 2666 vobis
1540 2602 1798 2666 tribuat
1830 2602 2266 2665 incrementa.
2355 2604 2591 2665 Amen.

619 2708 722 2772 Ab
754 2707 1063 2771 omnibus
1097 2707 1249 2770 vitae
1281 2709 1635 2791 praesentis
1667 2706 1988 2791 periculis
2021 2707 2377 2783 exuamini,
2412 2712 2483 2770 et
2512 2705 2838 2769 virtutum

537 2810 941 2896 spiritalium
976 2811 1393 2873 ornamentis
1424 2810 1816 2874 induamini.
1907 2811 2143 2873 Amen.

621 2915 763 3000 Quo
806 2913 993 2976 illius
1038 2914 1376 2997 adjutorio
1419 2913 1601 2991 fulti,
1649 2914 1745 2978 sic
1797 2915 1853 2977 ei
1907 2915 2225 2979 serviatis
2265 2914 2333 2977 in
2385 2914 2610 2988 terris,
2658 2918 2733 2977 ut
2781 2912 2844 2975 ei

532 3018 850 3103 conjungi
880 3015 1169 3080 valeatis
1199 3017 1270 3079 in
1304 3017 1508 3097 coelis.
2490 3015 2497 3018 ’

617 3122 803 3209 Quod
834 3122 998 3205 ipse.
1087 3121 1321 3192 Amen.

619 3224 1028 3292 BenedictiO.
1120 3224 1352 3288 Amen.

610 3445 776 3502 Alia.

616 3539 1056 3623 Omnipotens
1082 3537 1268 3602 Deus
1302 3537 1619 3602 universa
1651 3560 1692 3602 a
1719 3538 1913 3602 vobis
1944 3538 2374 3603 adversantia
2406 3539 2741 3615 excludat,
2767 3544 2837 3603 et

534 3666 665 3707 suae
699 3663 900 3727 super
928 3663 1048 3706 vos
1075 3627 1557 3706 benedictionis
1590 3643 1766 3706 dona
1790 3644 2196 3729 propitiatus
2226 3642 2557 3707 infundat.
2608 3633 2868 3707 Amen.⁴

622 3746 840 3810 Corda
887 3752 1116 3810 vestra
1163 3746 1406 3810 efficiat
1439 3745 1648 3809 sacris
1694 3747 1961 3810 intenta
2004 3745 2350 3821 doctrinis,
2385 3768 2515 3830 quo
2560 3747 2841 3831 possitis

503 3849 778 3937 'repleri
811 3850 1153 3914 beneficiis
1189 3851 1640 3935 sempiternis.
1734 3852 1968 3913 Amen.

614 3956 959 4041 Quatenus
1022 3962 1089 4019 et
1155 3955 1583 4040 exsequenda
1645 3955 2134 4040 intelligentes,
2190 3959 2259 4017 et
2311 3955 2491 4019 inter
2549 3956 2838 4020 adversa

525 4061 754 4125 mundi
809 4060 1246 4124 inveniamini
1295 4061 1666 4136 indemnes,
1715 4066 1784 4124 et
1833 4061 2182 4124 beatorum
2233 4058 2588 4145 spirituum
2634 4061 2834 4124 effici-

528 4166 733 4230 amini
764 4164 1148 4228 coheredes.
1240 4167 1477 4229 Amen.

614 4272 799 4355 Quod
831 4272 997 4354 ipse.
1094 4272 1325 4336 Amen.

560 4375 1021 4438 ‘Benedictia
1114 4371 1351 4437 Amen.
