3117 5025
524 356 654 421 334
1173 361 1617 424 Comaei-atio
1648 360 1848 443 Iym'e
1879 369 1945 422 et
1983 358 2196 422 Cerei.

985 615 1612 682 CONSECRATIO
1659 617 1911 684 IGNIS
1955 617 2072 681 ET
2121 615 2391 681 CEREI

1166 718 1298 801 [IN
1346 719 1752 784 SABBATO
1801 718 2203 804 sANo'rm.

611 907 920 984 Domine,
955 911 1185 975 sancte
1229 908 1454 985 Pater,
1490 909 1916 993 omnipotens
1948 913 2194 972 aeterne
2240 905 2449 981 Deus,
2480 906 2550 968 in
2580 903 2851 967 nomine

514 1015 633 1076 tuo
687 1016 759 1077 et
810 997 969 1075 Filii
1021 1010 1124 1076 tui
1176 1011 1343 1075 Jesu
1399 1009 1655 1076 Christi
1711 1011 1982 1076 Domini
2037 1010 2255 1074 nostri
2305 1007 2848 1093 beneffldicimus

522 1119 703 1181 hunc
732 1116 958 1201 ignem
989 1137 1140 1180 cum
1170 1116 1249 1195 >1⁴
1284 1137 1440 1180 cera
1485 1120 1555 1180 et
1587 1116 1898 1181 omnibus
1930 1116 2078 1198 ejus
2124 1113 2504 1189 alimoniis3
2554 1110 2850 1176 sanctifi-

521 1240 902 1303 camusque,
937 1224 1007 1284 et
1038 1219 1232 1305 signo
1279 1218 1499 1283 crucis
1530 1219 1783 1284 Christi
1816 1220 1860 1284 J
1864 1240 1982 1283 esu
2015 1217 2177 1282 Filii
2206 1216 2335 1280 Dei
2365 1216 2500 1279 vivi
2533 1214 2853 1279 altissimi

520 1323 871 1409 signamus
923 1323 1110 1387 intus
1172 1322 1282 1386 vel
1341 1323 1530 1387 foris.
1623 1323 2097 1406 Accensusque
2160 1342 2304 1405 quae
2363 1323 2652 1383 noceant
2712 1337 2846 1380 non

520 1427 856 1502 incendat,
911 1426 1027 1490 sed
1078 1426 1303 1491 omnia
1351 1427 1437 1491 ad
1483 1447 1649 1491 usus
1696 1426 2042 1489 hominum
2095 1423 2484 1488 necessaria
2529 1425 2689 1485 urat
2741 1419 2847 1483 vel

519 1530 816 1596 calescat
865 1530 1005 1593 sive
1038 1528 1419 1607 illuminem
1469 1535 1541 1594 et
1585 1551 1728 1614 quae
1760 1551 1845 1592 ex
1888 1530 2015 1592 hoc
2061 1529 2219 1614 igne
2251 1525 2511 1590 fuerint
2555 1523 2848 1588 conflata

520 1634 663 1698 sive
696 1630 1047 1707 calefacta,
1079 1630 1221 1696 sint
1252 1630 1688 1709 beneffidiota
1733 1636 1802 1695 et
1834 1631 2015 1695 omni
2043 1631 2350 1694 humanae
2385 1627 2593 1693 saluti
2624 1624 2845 1700 utilia,

519 1740 597 1798 ut
626 1755 760 1797 non
793 1755 944 1798 cum
991 1732 1234 1798 Nadab
1267 1740 1337 1797 et
1368 1734 1591 1798 Abiud
1636 1734 1863 1819 ignem
1896 1731 2022 1797 tibi
2069 1731 2512 1796 offerentibus
2544 1729 2840 1794 alienum

522 1836 1001 1911 incendamus3
1051 1835 1169 1900 sed
1201 1856 1346 1899 cum
1397 1838 1627 1900 Aaron
1671 1836 1989 1920 pontifice
2036 1840 2102 1899 et
2137 1836 2284 1918 ejus
2327 1833 2488 1898 filiis
2517 1832 2849 1897 Eleazaro

523 1945 594 2004 et
625 1940 971 2004 Ithamaro
997 1939 1258 2004 hostias
1290 1940 1413 2004 tibi
1437 1941 1775 2025 pacificas,
1803 1940 2033 2004 Sancti
2061 1939 2354 2024 Spiritus
2377 1939 2533 2022 igne
2557 1940 2850 2011 assatas,

523 2043 869 2131 immolare
901 2042 1288 2120 valeamus3
1340 2050 1409 2108 et
1442 2065 1708 2128 semper
1737 2044 1839 2107 tui
1874 2042 2169 2128 Spiritus
2214 2041 2445 2107 Sancti
2490 2042 2647 2125 igne
2680 2038 2850 2103 vitia

524 2153 764 2213 nostra
794 2168 1021 2224 exure,
1054 2147 1387 2231 cordaque
1420 2146 1571 2211 luce
1604 2147 1899 2212 scientiae
1941 2151 2071 2210 tuae
2104 2144 2456 2221 inlumina,
2488 2150 2559 2208 et
2587 2142 2849 2207 animas

524 2260 794 2317 nostras
826 2251 1049 2316 calore
1079 2251 1236 2314 fidei
1267 2251 1583 2316 clarifica.
1676 2252 1826 2316 Per.

602 2355 772 2415 Alia.

609 2449 929 2518 Exsultet
968 2449 1113 2534 jam
1174 2450 1482 2540 angelica
1533 2451 1739 2517 turba
1797 2449 2113 2515 coelorum
2140 2473 2157 2526 ;
2214 2447 2559 2514 exsultent
2612 2449 2846 2514 divina

526 2555 888 2640 mysteria;
938 2559 1009 2618 et
1053 2575 1175 2638 pro
1223 2555 1399 2620 tanti
1445 2555 1633 2645 regis
1679 2554 1964 2619 victoria
1992 2555 2159 2619 tuba
2202 2553 2470 2617 intonet
2500 2554 2847 2619 salutaris.

527 2657 835 2724 Gaudeat
913 2677 985 2722 se
1058 2656 1267 2721 tellus
1344 2658 1675 2726 irradiata
1749 2657 2154 2743 fulgoribus,
2226 2663 2297 2720 et
2364 2658 2597 2721 aeterni
2662 2659 2848 2744 regis

527 2761 884 2847 splendore
914 2760 1215 2825 lustrata
1257 2763 1467 2827 totius
1500 2763 1686 2827 orbis
1721 2783 1793 2826 se
1829 2762 2082 2826 sentiat
2112 2760 2422 2825 amisisse
2466 2762 2846 2846 caliginem.

522 2866 818 2929 Laetetur
850 2870 921 2928 et
966 2869 1184 2928 mater
1227 2863 1533 2941 ecclesia,
1565 2865 1744 2931 tanti
1773 2864 2051 2929 luminis
2082 2864 2412 2929 adornata
2440 2865 2842 2950 fulgoribus,

525 2974 596 3032 et
627 2966 891 3050 magnis
923 2966 1320 3051 populorum
1352 2969 1628 3032 vocibus
1660 2969 1799 3033 haee
1831 2968 1993 3033 aula
2022 2966 2334 3033 resultet.
2423 2967 2843 3054 Quapropter

522 3068 907 3134 astantibus
975 3069 1190 3146 nobis,
1250 3071 1501 3136 fratres
1564 3073 1915 3150 carissimi,
1978 3073 2062 3137 ad
2122 3076 2261 3136 tam
2328 3073 2564 3136 miram
2625 3075 2840 3137 sancti

521 3173 727 3256 hujus
795 3170 1074 3236 luminis
1143 3172 1544 3251 claritatem,
1614 3197 1749 3240 una
1816 3196 2076 3238 mecum
2138 3174 2264 3238 Dei
2336 3175 2839 3260 omnipotentis,

521 3295 766 3360 quaes0,
799 3275 1328 3342 misericordiam
1375 3278 1708 3354 invocate,
1754 3284 1833 3342 ut
1878 3280 1993 3362 qui
2039 3299 2144 3340 me
2189 3297 2323 3340 non
2364 3278 2531 3341 meis
2579 3278 2838 3342 meritis

519 3380 702 3443 intra
747 3379 1170 3445 sacerdotum
1216 3402 1566 3444 numerum
1617 3382 1938 3466 dignatus
1981 3387 2086 3446 est
2132 3400 2530 3465 aggregare,
2563 3381 2835 3445 luminis

522 3482 625 3544 sui
670 3483 897 3566 gratia
941 3483 1361 3560 infundente,
1396 3485 1573 3548 cerei
1620 3485 1825 3567 hujus
1867 3485 2133 3550 laudem
2180 3482 2461 3568 implere
2506 3484 2835 3568 perficiat.

521 3585 652 3649 Per
706 3585 1064 3650 Dominum
1116 3593 1425 3652 nostrum
1469 3589 1704 3653 Jesum
1761 3590 2105 3653 Christum
2158 3586 2407 3651 Filium
2464 3593 2674 3665 tuum,
2721 3589 2836 3672 qui

518 3699 740 3750 tecum
792 3689 964 3753 vivit
1018 3694 1088 3752 et
1128 3697 1370 3775 regnat
1409 3690 1594 3755 Deus
1640 3693 1707 3754 in
1766 3692 2024 3757 unitate
2081 3690 2376 3774 Spiritus
2428 3690 2655 3755 Sancti
2711 3712 2831 3776 per

515 3787 739 3853 omnia
770 3789 1014 3855 saecula
1046 3792 1456 3856 saeculorum.

601 3891 771 3947 Aha.

604 3983 908 4063 Domine,
968 3995 1196 4053 sancte
1259 3989 1480 4066 Pater,
1538 3992 1964 4076 omnipotens
2025 3997 2270 4058 fleterne
2332 3990 2537 4066 Deus,
2594 3990 2836 4053 exaudi

519 4107 661 4160 nos,
709 4085 932 4153 lumen
986 4090 1396 4156 indeficiens.
1493 4094 1593 4157 Tu
1648 4116 1722 4158 es
1770 4096 1966 4170 enim,
2012 4093 2297 4159 Domine
2345 4092 2534 4156 Deus
2583 4097 2834 4168 noster,

518 4188 825 4253 conditor
871 4193 1168 4256 omnium
1216 4194 1565 4259 luminum.
1655 4197 1966 4274 Benedic,
2001 4197 2306 4274 Domine,
2340 4203 2409 4260 et
2437 4196 2565 4259 hoc
2611 4194 2834 4259 lumen

521 4296 590 4351 et
650 4291 822 4355 hanc
885 4314 1130 4366 ceram,
1193 4299 1368 4379 quod
1431 4321 1470 4362 a
1530 4307 1600 4362 te
1663 4299 2007 4364 incensum
2074 4299 2692 4380 sanctificatumque
2756 4319 2832 4361 ac
