3117 5025
553 386 680 449 154
1275 394 1711 457 Consecratio
1756 394 2133 478 Viryinum.

1127 805 1752 873 CONSECRATIO
1794 808 2291 874 VIRGINUM.

637 1013 795 1073 Ordo
842 1012 1295 1073 Consecrationis
1333 1020 1663 1072 sanctarum
1702 1016 2015 1091 viminum,
2048 1036 2171 1093 quoe
2211 1010 2287 1075 in'
2304 1015 2500 1074 diebus
2538 1016 2875 1074 solemnibus

550 1109 823 1181 facienda
870 1116 965 1180 est,
1011 1108 1269 1167 videlicet
1308 1116 1411 1166 aut
1456 1109 1525 1167 in
1567 1108 1916 1188 Epiphania
1957 1108 2214 1168 Domini
2251 1118 2356 1169 aut
2394 1111 2462 1169 in
2490 1110 2658 1188 sestis
2705 1111 2878 1169 beatae

558 1205 781 1263 Mariae
810 1212 912 1262 aut
937 1204 1317 1281 apostolorum
1344 1211 1445 1262 aut
1472 1204 1779 1263 dominicis
1807 1205 2022 1277 diebus,
2037 1207 2155 1283 fiat
2182 1206 2281 1265 hoc
2306 1206 2491 1266 modo.
2680 1208 2682 1210 ’

646 1301 904 1378 Virqines
930 1300 1053 1357 Deo
1079 1299 1346 1358 dicandae
1383 1308 1504 1377 post
1529 1300 1833 1359 introitum
1873 1299 2077 1358 Missae
2113 1309 2164 1359 et
2203 1301 2505 1374 collectam,
2528 1300 2875 1379 priusquam

557 1397 778 1473 leqatur
821 1395 1078 1474 epistola,
1123 1402 1253 1453 ante
1300 1395 1485 1453 altare
1529 1396 1597 1453 in
1643 1395 1789 1453 albis
1833 1396 2070 1453 vestibus
2116 1396 2366 1467 veniant,
2409 1397 2554 1454 lento
2591 1416 2781 1472 yressu
2828 1402 2879 1453 et

557 1492 804 1550 vultibus
843 1489 1122 1560 demissis,
1154 1497 1441 1548 cantantes
1477 1488 1651 1568 Resp.
1695 1489 1914 1548 Audivi
1944 1510 2161 1550 vocem.
2222 1489 2409 1548 .Eum
2447 1512 2573 1548 vero
2598 1490 2875 1562 habitum,

558 1606 722 1663 quem
758 1585 962 1661 reliyio
987 1605 1093 1642 sua
1132 1584 1393 1662 requirit,
1413 1584 1678 1662 propriis
1717 1585 1980 1642 manibus
2019 1584 2234 1643 deoetris
2270 1593 2561 1661 qestantes,
2589 1605 2708 1643 una
2747 1605 2875 1642 cum

556 1681 933 1739 velaminibus
980 1679 1189 1757 capitis
1229 1679 1298 1737 in
1335 1679 1544 1737 eisdem
1583 1680 1867 1750 manibus,
1913 1688 1964 1738 et
2006 1700 2183 1738 cereos
2223 1681 2488 1739 eoetinctos
2528 1680 2595 1738 in
2631 1680 2877 1757 sinyulis

558 1775 822 1832 manibus
869 1773 1140 1846 sinistris,
1188 1773 1475 1831 velamina
1521 1794 1629 1832 sua
1674 1774 1922 1851 ipsaemet
1967 1795 2135 1851 super
2179 1775 2361 1833 altare
2394 1782 2636 1852 ponant,
2677 1774 2879 1851 quibus

560 1868 760 1927 cedula
808 1868 1097 1926 inseratur
1141 1868 1208 1925 in
1248 1888 1362 1945 qua
1409 1871 1648 1925 nomina
1688 1889 1888 1926 earum
1934 1869 2307 1941 scribantur,·
2336 1878 2668 1947 ponantque
2714 1870 2879 1927 vesti-

560 1971 751 2022 menta
779 1983 977 2021 earum
1004 1962 1085 2020 ad
1099 1962 1272 2040 pedes
1299 1962 1549 2040 episcopi
1575 1971 1704 2020 ante
1731 1963 1930 2034 altare,
1953 1970 2004 2021 et
2029 1957 2204 2021 cereos
2232 1965 2498 2022 eoetinctos
2524 1964 2589 2022 in
2615 1965 2882 2023 manibus

557 2058 838 2116 retineant
854 2078 879 2129 ,·
932 2065 984 2116 et
1034 2057 1364 2116 vestimenta
1424 2058 1508 2116 sic
1564 2058 1753 2135 posita
1813 2058 1917 2128 ibi,
1975 2058 2263 2135 episcopus
2325 2059 2628 2130 benedicat,
2689 2060 2881 2119 dicens

564 2173 694 2211 cum
720 2161 872 2210 nota.

647 2248 852 2325 Deus,
902 2248 1016 2332 qui
1075 2246 1547 2313 vestimentum
1610 2246 1906 2312 salutare
1966 2252 2038 2312 et
2095 2248 2557 2313 indumentum
2620 2254 2880 2315 aeternae

553 2351 995 2437 jocunditatis
1046 2350 1184 2414 tuis
1225 2349 1532 2414 fidelibus
1579 2350 1968 2435 promisisti,
2013 2350 2435 2415 clementiam
2480 2358 2667 2416 tuam
2723 2373 2880 2437 sup-

559 2454 826 2541 pliciter
870 2473 1245 2530 exoramus,
1288 2458 1367 2516 ut
1409 2452 1547 2517 haec
1592 2452 2001 2530 indumenta,
2046 2452 2493 2518 humilitatem
2546 2453 2768 2519 cordis
2815 2461 2885 2520 et

560 2561 1013 2642 contemptum
1067 2556 1293 2620 mundi
1355 2556 1825 2641 significantia,
1875 2555 2118 2640 quibus
2165 2555 2422 2620 famula
2478 2561 2598 2621 tua
2645 2565 2880 2622 sancto

561 2658 925 2724 visibiliter
954 2664 1063 2742 est
1091 2657 1513 2722 informanda
1549 2658 1913 2743 propositO,
1946 2657 2280 2743 propitius
2325 2658 2780 2736 bene-kdicas,
2811 2665 2889 2724 ut

559 2764 829 2828 beatam
881 2760 1339 2846 virginitatem
1394 2782 1592 2844 quam
1645 2767 1713 2826 te
1762 2761 2135 2854 inspirante
2197 2760 2584 2846 professura
2637 2768 2763 2839 est,
2815 2769 2885 2827 te

561 2869 956 2949 protegente
1005 2867 1073 2926 et
1118 2862 1534 2947 gubernante
1587 2863 2036 2929 inviolabilem
2081 2884 2291 2948 usque
2344 2863 2429 2927 ad
2480 2863 2681 2927 finem
2733 2865 2885 2929 vitae

564 2965 917 3041 custodiat,
943 2970 1277 3048 quatenus
1308 2986 1455 3028 cum
1490 2972 1724 3030 sancta
1750 2965 1879 3030 Dei
1907 2966 2232 3052 genitrice
2256 2965 2480 3030 Maria
2506 2968 2884 3052 'ceterisque

564 3066 1159 3131 innumerabilibus
1208 3066 1461 3130 sanctis
1504 3068 1878 3152 virginibus
1910 3072 2169 3132 aeternae
2199 3067 2351 3132 vitae
2395 3069 2698 3133 bravium
2742 3092 2886 3155 per-

567 3189 882 3233 severans
949 3190 1168 3233 coram
1231 3169 1501 3234 Christo
1561 3170 1848 3235 Domino
1907 3171 2250 3255 percipere
2310 3177 2669 3236 mereatur.
2759 3174 2888 3238 Per

568 3273 850 3336 eundem
884 3272 1227 3339 Christum
1256 3272 1616 3337 Dominum
1648 3281 1974 3339 nostrum.

657 3376 961 3442 Oremus.

660 3480 923 3545 oratic.
1014 3479 1220 3559 DeuS,
1255 3486 1654 3547 aeternorum
1699 3484 2028 3546 bonorum
2073 3481 2460 3547 fidelissime
2504 3482 2890 3564 promissor,

568 3583 939 3646 certissime
963 3582 1365 3668 persolutor,
1390 3585 1504 3667 qui
1523 3585 1997 3649 vestimentum
2024 3584 2318 3649 salutare
2343 3591 2412 3650 et
2429 3584 2891 3648 indumentum

569 3690 825 3748 oeternae
846 3686 1290 3769 jocunditatis
1320 3687 1458 3752 tuis
1488 3687 1798 3752 fidelibus
1828 3688 2219 3773 promisisti,
2251 3688 2672 3753 clementiam
2707 3692 2892 3752 tuam

571 3788 963 3872 suppliciter
1007 3810 1384 3865 exoramus,
1425 3795 1503 3854 ut
1545 3792 1684 3856 haec
1729 3791 2139 3868 indumenta,
2185 3791 2634 3855 humilitatem
2686 3790 2906 3855 cordis

572 3900 643 3958 et
672 3897 1127 3977 contemptum
1159 3894 1386 3958 mundi
1433 3894 1901 3980 significantia,
1935 3896 2177 3979 quibus
2222 3893 2481 3959 famula
2510 3900 2631 3958 tua
2677 3900 2908 3958 sancto

573 4002 679 4060 est
709 3995 1068 4060 visibiliter
1098 3996 1516 4062 informanda
1564 3998 1932 4083 propositO,
1963 3998 2297 4083 propitius
2341 3993 2805 4073 beneffldica-s,
2841 4001 2912 4060 ut

573 4100 785 4163 beatae
818 4098 1154 4164 castitatis
1197 4100 1501 4164 habitum
1544 4121 1765 4184 quem,
1798 4106 1866 4166 te
1914 4101 2283 4185 aspirante,
2316 4100 2619 4186 suscipit,
2652 4107 2720 4163 te
2767 4120 2913 4186 pro-

546 4184 844 4287 ¹tegente
877 4202 1226 4266 custodiat.
1316 4202 1445 4266 Per
1476 4202 1863 4267 Dominum.v

668 4306 934 4370 Oratio.
1025 4302 1306 4370 Domine
1338 4303 1542 4382 Deus,
1566 4306 1890 4371 bonarum
1915 4306 2240 4371 virtutum
2274 4304 2490 4381 dator,
2512 4312 2582 4371 et
2613 4304 2905 4371 omnium
