3117 5025
505 391 592 460 70
1290 398 1660 465 Dedicatio
1691 396 2039 465 Eecleeiae.

499 579 869 662 solvantur,
913 584 1339 671 fideliumque
1379 586 1573 672 lapsa
1614 594 2030 674 reparentur.
2121 586 2201 651 In
2245 586 2372 651 hac
2417 605 2601 672 ergo,
2648 605 2826 669 quae-

502 705 752 763 sumus,
820 686 1122 768 Domine,
1192 689 1384 756 domo
1447 696 1587 769 tua,
1654 691 1945 777 Spiritus
2013 691 2239 757 Sancti
2304 690 2528 777 gratia
2592 688 2828 776 aegroti

495 794 836 867 sanentur,
881 792 1125 857 infirmi
1176 794 1639 872 restituantur,
1685 795 1905 860 claudi
1957 800 2293 872 curentur,
2337 793 2587 879 leprosi
2630 814 2822 856 mun-

500 891 761 971 dentur,
824 895 976 960 eaeci
1010 896 1514 976 illuminentur,
1577 899 1897 964 daemonia
1956 899 2329 984 ejiciantur.
2421 895 2823 961 Cunctorum

498 994 606 1059 hic
650 995 965 1061 debilium
1010 998 1423 1066 incommoda
1467 1000 1589 1087 [et]
1635 1003 2129 1087 aegrotationes,
2158 1007 2247 1078 te,
2279 1000 2583 1076 Domine,
2614 1020 2824 1064 annu-

495 1102 668 1173 ente,
689 1097 1067 1183 pellantur3
1099 1102 1390 1167 omnium
1410 1104 1613 1170 etiam
1637 1104 1905 1169 vincula
1927 1109 2343 1190 peccatorum
2366 1102 2821 1178 absolvantur,

497 1206 574 1265 ut
633 1223 862 1268 omnes
921 1204 1037 1288 qui
1083 1206 1209 1271 hoc
1261 1207 1583 1292 templum
1643 1207 1964 1273 beneficia
2004 1209 2193 1292 justa
2248 1206 2669 1291 deprecaturi
2719 1204 2822 1268 in-

493 1303 908 1388 grediuntur,
981 1312 1223 1373 cuncta
1297 1330 1369 1374 se
1453 1310 1850 1395 impetrasse
1936 1309 2268 1387 laetentur,
2341 1313 2420 1373 ut
2502 1328 2820 1373 concessa

492 1406 946 1473 misericordia
1018 1430 1219 1494 quam
1305 1417 1683 1496 precantur,
1756 1418 2078 1497 perpetuo
2151 1410 2601 1476 miserationis
2686 1415 2818 1475 tuae

491 1529 763 1574 munere
794 1510 1190 1596 glorientur.
1277 1514 1407 1577 Per
1436 1513 1815 1579 Dominum.

567 1612 811 1684 Deinde,
843 1613 1101 1673 ministri
1126 1615 1308 1674 altare
1335 1616 1543 1676 lintheo
1572 1617 1877 1695 deterqant,
1904 1617 2189 1678 cantando
2214 1617 2360 1676 hanc
2387 1615 2780 1694 antiphonam.

579 1913 770 1979 Intro
801 1951 828 1963 -
860 1914 1001 1979 i-bo
1053 1916 1140 1981 ad
1168 1916 1442 1983 al-ta-re
1501 1917 1604 1983 De
1636 1956 1664 1969 -
1693 1919 1719 1982 i
1770 1919 1855 1983 ad
1884 1918 1985 1984 De
2018 1957 2045 1967 -
2098 1939 2210 1982 um
2240 1918 2355 2003 qui
2382 1919 2462 1982 1ae
2486 1956 2514 1969 -
2537 1917 2812 1984 ti-fi-cat

428 2076 1359 2205 ,ᾖ

481 2220 992 2304 ju-ven·tu-tem
1019 2247 1125 2291 me
1155 2264 1183 2277 -
1213 2248 1342 2296 am.

911 2378 1693 2510 {Q

575 2537 917 2601 Psalmue.
1003 2535 1046 2601 J
1053 2559 1097 2600 u
1125 2574 1154 2587 -
1182 2538 1251 2602 di
1278 2576 1307 2588 -
1338 2560 1419 2604 ca
1506 2561 1633 2606 me.

562 2670 792 2730 Deinde
818 2671 1102 2730 benedicat
1127 2673 1380 2732 tabulam
1405 2674 1628 2749 altaris,
1650 2694 1773 2753 quoe
1798 2683 1986 2734 tamen
1995 2673 2168 2754 prius
2193 2674 2310 2733 lota
2335 2694 2443 2734 esse
2468 2673 2619 2733 debet
2644 2694 2800 2753 aqua

486 2767 791 2837 benedicta,
823 2767 910 2825 ita
935 2767 1188 2826 dicendo,

578 2863 875 2927 OremuS.

544 2964 825 3030 Domine
847 2968 1094 3044 sancte,
1115 2966 1318 3031 Pater
1336 2964 1776 3051 omnipotens,
1795 2970 2039 3031 aeterne
2056 2965 2261 3043 Deus,
2280 2964 2801 3031 misericordiam

485 3074 670 3134 tuam
723 3069 992 3133 vocibus
1051 3069 1507 3134 exultantibus
1568 3070 2016 3154 deprecamur,
2067 3075 2145 3133 ut
2196 3069 2310 3152 qui
2362 3090 2483 3154 per
2539 3089 2803 3133 omnem

488 3174 802 3237 mundum
822 3173 1016 3236 fidem
1047 3173 1376 3258 sparsisti,
1401 3174 1746 3238 ecclesiam
1778 3173 2216 3259 congregasti,
2243 3173 2484 3257 quique
2514 3170 2802 3257 lapidem

484 3276 819 3342 abscisum
857 3274 940 3339 de
968 3282 1191 3340 monte
1236 3277 1377 3340 sine
1407 3276 1715 3341 manibus
1759 3275 2067 3361 angulari
2097 3294 2415 3359 compage
2460 3273 2803 3349 solidasti3

485 3385 610 3448 hoc
630 3402 898 3469 *quoque
930 3382 1144 3446 altare
1192 3403 1467 3447 serenus
1495 3382 1783 3458 illustra,
1815 3383 1939 3445 hoc
1970 3402 2230 3465 quoque
2275 3385 2521 3444 aeterno
2551 3377 2802 3443 lumine

482 3485 783 3571 irffiriga,
804 3490 873 3549 et
890 3485 990 3549 ita
1010 3484 1292 3548 diversis
1312 3484 1602 3569 undique
1620 3483 2089 3548 chrismatibus
2111 3481 2465 3567 locupleta,
2494 3485 2568 3546 ut
2597 3502 2801 3565 super

486 3589 653 3652 illud
683 3587 1139 3652 admirandam
1184 3587 1343 3652 Filii
1373 3587 1472 3652 tui
1503 3587 1794 3653 hostiam
1825 3585 1970 3672 ipse
2000 3585 2352 3650 benedicas
2397 3584 2797 3669 impositam,

485 3692 629 3777 ipse
663 3690 988 3775 suscipias
1018 3695 1495 3754 consecratam.
1585 3689 1714 3753 Per
1743 3689 2042 3752 eundem.

564 3792 790 3852 Deinde
816 3791 1073 3850 ministri
1099 3791 1281 3850 altare
1309 3790 1515 3849 lintheo
1540 3790 1846 3867 deteryant,
1880 3788 2160 3849 cantando
2186 3789 2335 3847 hanc
2361 3787 2752 3867 antiphonam.

1193 3970 1548 4001 -a-

1804 4018 2061 4055 —·—
2401 4001 2754 4067 -=··=-·

569 4113 666 4178 Ec
695 4147 724 4160 -
752 4145 781 4161 -
810 4129 884 4174 ce
928 4113 1004 4172 ta
1032 4145 1061 4158 -
1089 4109 1210 4172 ber
1239 4145 1266 4157 -
1295 4128 1384 4172 na
1413 4105 1665 4171 cu-lum
1708 4103 1811 4169 De
1842 4143 1869 4155 -
1899 4105 1924 4169 i
1997 4126 2145 4170 cum
2198 4103 2440 4168 ho-mi-
2457 4104 2684 4168 ni-bus
2728 4109 2801 4171 et

480 4260 2798 4414 Μ

481 4439 594 4526 Spi
626 4435 872 4501 -ri-tus
928 4434 1212 4499 Sanctus
1258 4430 1443 4496 ha-bi
1472 4468 1497 4482 -
1533 4434 1638 4496 tat
1681 4429 1750 4493 in
1799 4428 2017 4495 vo·bis
2063 4434 2197 4493 tem
2230 4466 2255 4480 -
2286 4426 2472 4513 plum
2526 4449 2563 4493 e
2596 4465 2624 4478 -
2655 4428 2792 4493 nim
