3117 5025
512 427 641 493 330
1079 428 1168 491 In
1199 428 1655 494 Dedicatione
1692 428 2019 494 Bastlicae
2050 449 2261 492 novoe.

518 632 829 700 sacrificii
860 634 1220 698 ministerii
1252 654 1417 698 vasa
1445 636 1597 718 quae‘
1620 634 1691 697 in
1732 640 1853 699 tuo
1883 634 2151 698 nomine
2182 633 2519 699 fabricata
2549 638 2709 700 sunt
2754 633 2844 698 ad

517 736 1018 814 immolandum,
1049 737 1441 803 benedicere
1471 742 1597 804 tua
1625 736 1878 823 pietate
1908 738 2233 825 digneris.
2323 738 2475 802 Per.

609 842 977 901 Consecratio
1002 841 1337 919 corporalis.

605 935 915 1014 Domine,
970 942 1201 1003 sancte
1255 938 1477 1014 Pater,
1529 937 1958 1023 omnipotens
2010 943 2257 1003 aeterne
2316 937 2527 1013 Deus,
2579 935 2840 1001 miseri-

518 1041 812 1106 cordiam
856 1047 1046 1106 tuam
1090 1041 1430 1126 supplices
1484 1041 1945 1125 deprecamur,
1987 1047 2064 1107 ut
2112 1043 2289 1107 sicut
2340 1043 2426 1106 ab
2472 1040 2670 1105 initio
2721 1041 2847 1103 ho-

518 1145 809 1209 minibus
835 1144 1033 1209 utilia
1056 1149 1127 1209 et
1149 1144 1537 1209 necessaria
1566 1145 1837 1221 creasti,
1863 1145 2415 1229 quemadmodum
2441 1143 2851 1208 vestimenta

529 1245 943 1332 pontificalia
989 1245 1452 1311 sacerdotibus
1506 1266 1587 1311 ac
1642 1246 1902 1313 Levitis
1955 1252 2485 1332 ornamentaque
2534 1252 2604 1310 et
2647 1245 2849 1309 linte-

530 1348 756 1416 amina
797 1348 1053 1415 famulo
1084 1354 1203 1413 tuo
1247 1347 1473 1433 Moysi
1520 1348 1612 1412 xl.
1645 1349 1883 1415 diebus
1926 1350 2240 1426 docuisti,
2273 1370 2417 1433 quae
2464 1349 2592 1413 sibi
2622 1347 2853 1412 omnia

531 1453 739 1518 etiam
790 1451 1019 1517 Maria
1062 1450 1285 1516 texuit
1329 1459 1401 1517 et
1443 1451 1607 1517 fecit
1648 1452 1717 1517 in
1764 1474 1963 1517 usum
2016 1452 2383 1517 ministerii
2429 1449 2852 1517 tabernaculi

528 1556 629 1621 tui
673 1556 963 1630 foederis,
994 1554 1442 1631 sanctificare,
1489 1554 1796 1632 Domine,
1828 1561 1897 1620 et
1935 1555 2333 1620 benedicere
2378 1554 2684 1639 digneris
2729 1554 2859 1617 hoc

530 1659 899 1723 linteamen
958 1657 1028 1720 in
1089 1677 1285 1721 usum
1340 1656 1585 1722 altaris
1636 1658 1740 1724 tui
1801 1659 1885 1724 ad
1938 1659 2303 1744 tegendum
2357 1657 2856 1740 velandumque

530 1784 771 1848 corpus
824 1767 896 1828 et
949 1762 1349 1847 sanguinem
1402 1762 1562 1826 Filii
1607 1763 1712 1827 tui
1758 1762 2032 1830 Domini
2084 1765 2300 1829 nostri
2352 1765 2521 1829 Jesu
2571 1763 2852 1829 Christi.

535 1868 686 1932 Per.

615 1970 791 2028 Alia.

619 2066 925 2141 Domine,
980 2070 1214 2130 sancte
1267 2066 1494 2142 Pater,
1540 2066 1968 2151 omnipotens
2022 2075 2272 2131 aeterne
2324 2066 2532 2142 Deus,
2585 2064 2851 2130 miseri-

535 2170 827 2235 cordiam
857 2173 1045 2232 tuam
1092 2167 1432 2253 supplices
1462 2168 1924 2253 deprecamur,
1955 2173 2035 2234 ut
2075 2171 2201 2234 hoc
2246 2169 2613 2233 linteamen
2648 2189 2854 2253 super

538 2274 756 2339 altare
806 2277 1001 2336 tuum
1050 2271 1443 2355 impositum
1497 2271 1567 2334 in
1630 2272 1935 2357 spiritale
1987 2272 2510 2336 consecrandum
2558 2272 2849 2336 officium

533 2375 845 2461 praesenti
899 2372 1366 2439 benedictione
1423 2374 1827 2451 sanctifices,
1874 2379 1946 2440 et
1991 2374 2062 2437 in
2113 2395 2192 2439 eo
2250 2396 2369 2439 seu
2425 2395 2630 2458 super
2678 2374 2852 2437 illud

536 2478 939 2545 oblationem
969 2476 1379 2543 famulorum
1400 2481 1675 2542 tuorum
1702 2478 1926 2543 studio
1950 2477 2437 2563 purificationis
2466 2477 2851 2563 impositam

530 2583 925 2649 benedicere
978 2582 1299 2668 digneris,
1347 2589 1418 2647 et
1471 2581 1769 2667 spiritali
1811 2582 2126 2667 placatus
2178 2584 2455 2648 incenso
2506 2583 2851 2667 precantis

536 2686 805 2752 familiae
836 2691 967 2750 tuae
997 2690 1349 2770 promptus
1382 2686 1740 2750 exauditor
1769 2687 2085 2751 exsistas.
2176 2688 2328 2751 Per.

633 2790 1073 2854 Consecratio
1105 2788 1366 2852 altaris
1398 2797 1463 2853 et
1492 2789 1738 2854 calicis
1767 2799 1832 2854 et
1856 2798 2129 2871 patenae
2158 2801 2224 2854 et
2253 2789 2660 2871 corporalis.

626 2895 949 2979 Dignare,
979 2892 1266 2956 Domine
1296 2892 1485 2956 Deus
1531 2894 1981 2977 omnipotens,
2013 2916 2136 2959 rex
2166 2915 2403 2978 regum
2449 2899 2521 2958 et
2548 2892 2855 2958 dominus

541 2997 1049 3072 dominantium,
1104 2997 1419 3060 sacerdos
1474 2996 1792 3073 omnium,
1843 2998 2147 3081 pontifex
2199 2998 2688 3073 universorum,
2743 3018 2863 3082 per

541 3124 737 3187 quem
770 3121 907 3165 una
950 3117 1098 3163 cum
1131 3100 1333 3163 Patre
1383 3102 1767 3183 Sancteque
1816 3100 2074 3186 Spiritu
2105 3101 2287 3165 facta
2318 3106 2481 3165 sunt
2523 3101 2859 3177 universa,

544 3207 811 3272 Christe
855 3203 898 3268 J
901 3223 1044 3279 esu,
1076 3203 1495 3279 benedicere,
1528 3221 1921 3268 consecrare
1965 3210 2034 3269 et
2076 3204 2500 3270 sanctificare
2532 3225 2699 3269 vasa
2727 3204 2863 3268 haec

545 3331 693 3373 cum
716 3308 984 3383 altario,
1005 3305 1537 3382 linteaminibus,
1558 3307 1937 3390 ceterisque
1962 3308 2147 3372 vasis
2171 3330 2186 3384 ;
2221 3313 2292 3372 et
2311 3307 2864 3391 quemadmodum

540 3411 980 3479 sanctificasti
1041 3412 1279 3475 officia·
1306 3410 1737 3475 tabernaculi
1798 3413 2171 3476 testimonii
2234 3411 2418 3489 olim,
2473 3433 2619 3475 cum
2683 3434 2858 3490 arca,

548 3515 840 3591 oraculo,
872 3513 1217 3590 cherubin,
1250 3512 1533 3592 ansulis,
1573 3513 1765 3590 velis,
1798 3515 2146 3592 columnis,
2180 3515 2603 3591 candelabrO,
2636 3514 2863 3580 altari-

540 3624 688 3695 bus,
722 3617 1065 3704 argenteis
1097 3617 1397 3693 basibus,
1429 3618 1685 3682 tabulis
1724 3618 2093 3694 deauratis,
2123 3617 2564 3695 holocaustis,
2595 3618 2859 3692 hostiis,

546 3745 623 3787 ac
679 3742 942 3786 sacrum
996 3719 1215 3785 altare
1270 3742 1419 3784 cum
1474 3721 1674 3784 aeneis
1722 3722 1928 3799 vasis,
1975 3721 2314 3798 tentoriis,
2366 3721 2661 3797 funibus,
2720 3721 2862 3785 oleo

549 3825 886 3889 unctionis
917 3831 985 3888 et
1018 3824 1263 3887 ceteris
1290 3823 1444 3888 aliis
1475 3825 1545 3887 in
1566 3826 1789 3910 figura
1812 3826 2028 3889 nostri
2058 3846 2179 3909 per
2210 3845 2448 3889 manus
2480 3830 2861 3889 sanctorum

545 3927 986 3994 sanctificasti
1013 3927 1434 3991 sacerdotum
1462 3950 1478 4004 ;
1526 3926 1625 3991 ita
1647 3948 1823 3998 nunc
1848 3949 2126 3992 manens
2146 3928 2214 3991 in
2240 3933 2580 4003 aeternum,
2610 3945 2860 3990 summe

556 4031 870 4095 sacerdos
931 4030 1351 4095 sacerdotum
1423 4027 1787 4094 secundum
1855 4031 2153 4095 ordinem
2218 4028 2735 4106 Melchisedech,
2794 4034 2870 4093 ut

551 4135 862 4210 diximuS,
888 4140 1203 4217 patenam
1233 4134 1408 4197 hanc
1440 4137 1511 4197 et
1543 4133 1818 4198 calicem
1854 4134 2032 4199 hunc
2062 4139 2134 4197 et
2164 4134 2390 4198 omnia
2417 4133 2866 4197 instrumenta

550 4238 789 4304 altaris
816 4238 1020 4320 hujus
1068 4236 1364 4301 ecclesiae
1413 4257 1530 4300 seu
1562 4236 1855 4301 basilicae
1896 4258 2040 4321 quae
2087 4238 2266 4301 inter
2310 4242 2581 4301 nostras
2611 4236 2867 4321 palmas

549 4329 904 4417 habentur,
930 4339 1127 4403 corde
1160 4361 1515 4425 precamur
1546 4338 2006 4417 beneffldicaffi
2040 4341 2374 4425 purifices,
2401 4360 2769 4417 consecres,
2803 4347 2872 4405 et
