3117 5025
831 435 1014 499 Ordo
1044 434 1090 497 I
1090 432 1465 498 ncludcndi
1492 430 1862 498 Famulam
1896 430 2046 496 Dei.
2516 426 2603 491 85

269 616 620 695 mirabilis,
651 618 844 702 cujus
874 641 996 685 nec
1038 618 1304 683 initium
1347 639 1469 684 nec
1512 619 1667 684 finis
1711 617 2123 694 advertitur3
2169 620 2259 694 te,
2290 611 2597 690 Domine,

272 720 748 798 benedicimus,
780 727 848 787 et
878 721 1301 804 majestatem
1334 725 1521 785 tuam
1554 720 1888 806 supplices
1916 721 2372 804 deprecamur,
2405 723 2485 781 ut
2517 716 2608 780 sit

273 822 398 886 tibi
442 823 570 887 hoc
613 823 825 887 altare
876 823 1101 903 [sicut]
1148 822 1316 886 illud
1364 823 1540 906 quod
1583 824 1926 888 Abraham
1970 824 2166 907 pater
2207 824 2460 895 noster,
2492 818 2605 902 qui

281 924 508 987 videre
559 930 629 989 te
682 926 946 1002 meruit,
999 926 1370 1002 fabricavit,
1394 926 1484 989 'in
1508 988 1515 995 ,
1537 947 1669 1009 quo
1723 945 2020 990 summus
2074 922 2383 989 sacerdos
2434 920 2609 986 Mel-

281 1026 635 1091 chisedech
689 1028 996 1091 sacrificii
1047 1028 1474 1112 triumphalis
1532 1049 1835 1092 normam
1888 1027 2257 1113 expressit3
2319 1024 2409 1090 sit
2457 1022 2607 1100 tibi,

282 1129 587 1206 Domine,
624 1129 893 1209 [altare]
939 1131 1065 1194 hoc
1109 1130 1283 1195 sicut
1310 1131 1478 1194 illud
1525 1131 1704 1215 quod
1748 1129 2021 1215 Moyses
2067 1134 2321 1213 septem
2350 1126 2608 1192 dierum

284 1233 746 1318 purificatione
777 1233 1123 1298 mundavit
1152 1240 1221 1298 et
1242 1233 1497 1299 coelesti
1527 1239 1645 1299 tuo
1668 1232 1961 1316 alloquio
1994 1237 2297 1296 sanctum
2325 1230 2609 1308 vocavit,

289 1338 466 1402 sicut
510 1337 776 1402 locutus
820 1359 893 1402 es
939 1340 1024 1406 ad
1069 1360 1222 1403 eum
1266 1339 1513 1414 dicens,
1551 1337 1621 1402 Si
1666 1336 1817 1420 quis
1860 1334 2166 1420 tetigerit
2208 1333 2421 1398 altare
2464 1334 2611 1412 hoc,

285 1440 739 1506 sanctificatus
784 1442 1130 1506 habeatur.
1220 1442 1301 1505 In
1330 1442 1457 1506 hoc
1500 1439 1701 1505 altari
1729 1439 2116 1503 destruatur
2159 1435 2446 1513 luxuria,
2477 1456 2615 1501 om-

288 1546 526 1628 nisque
580 1544 784 1608 libido
843 1545 1248 1629 perimatur3
1309 1547 1634 1610 offeratur
1682 1564 1804 1629 pro
1861 1541 2237 1606 turturibus
2295 1540 2616 1619 castitas;

290 1666 410 1730 pro
442 1645 648 1730 pullis
678 1645 1131 1711 columbarum
1161 1646 1549 1713 innocentiae
1582 1645 1997 1711 sacrificium.
2085 1644 2215 1723 Per
2242 1642 2620 1710 Dominum.

377 1747 584 1825 Deus,
630 1748 745 1831 qui
787 1748 856 1811 in
902 1750 1153 1813 sanctis
1199 1749 1487 1826 habitas,
1534 1753 1793 1812 aeternoe
1835 1745 2109 1832 pietatis
2153 1746 2620 1823 moderamine,

293 1850 403 1933 qui
436 1855 688 1915 terram
718 1873 917 1934 quam
947 1852 1264 1930 fundasti,
1296 1855 1382 1918 ab
1412 1853 1686 1935 antiquo
1717 1850 2279 1937 praevaricationis
2308 1850 2620 1936 contagio

297 1952 549 2038 proprii
596 1954 851 2017 cruoris
896 1955 1219 2019 effusione
1250 1955 1571 2019 mundare
1617 1961 1688 2019 et
1730 1954 2119 2038 abstergere
2162 1953 2481 2038 dignatus
2524 1972 2620 2029 es,

302 2076 680 2138 quaesumus
722 2055 1114 2121 immensam
1160 2055 1584 2121 clementiam
1629 2060 1835 2133 tuam,
1866 2059 1946 2119 ut
1987 2054 2254 2118 domum
2297 2056 2471 2120 hanc
2499 2076 2625 2120 coe-
2755 2111 2776 2132 ,

302 2156 461 2221 lesti
506 2158 964 2223 benedictione
1011 2159 1490 2245 sancti-xnfices,
1521 2163 1601 2224 ut
1644 2180 1788 2242 quae
1833 2159 1957 2223 sub
2001 2157 2242 2222 timore
2287 2163 2356 2222 et
2398 2178 2625 2223 amore

302 2261 406 2325 tui
450 2262 738 2326 nominis
777 2261 887 2326 hic
930 2263 1360 2340 habitaverit,
1393 2283 1465 2328 se
1510 2263 1580 2326 in
1624 2266 2020 2348 perpetuum
2066 2260 2358 2324 omnium
2396 2282 2627 2346 pecca-

301 2368 526 2427 torum
602 2364 867 2429 veniam
941 2364 1302 2449 impetrare
1375 2367 1691 2451 gaudeat,
1765 2371 1837 2429 et
1905 2363 2153 2449 gaudia
2225 2363 2631 2448 sempiterna

308 2467 672 2552 possideat.
761 2467 886 2553 Qui
916 2467 1087 2533 vivis
1119 2473 1191 2534 et
1217 2488 1484 2554 regnas.

394 2570 778 2635 Benedictio
801 2572 1024 2636 Patris
1055 2572 1356 2658 ingeniti,
1381 2571 1671 2654 Filiique
1700 2570 1760 2654 ej
1771 2589 1849 2634 us
1870 2568 2220 2654 unigeniti,
2243 2573 2314 2633 et
2343 2569 2632 2653 Spiritus

311 2674 537 2740 Sancti
566 2673 884 2739 Paracliti
928 2676 1012 2739 ab
1059 2684 1343 2759 utroque
1373 2674 1815 2758 procedentis,
1846 2678 2115 2737 maneat
2149 2673 2406 2759 jugiter
2434 2694 2636 2759 super

309 2778 578 2842 domum
607 2777 810 2841 istam
841 2777 909 2840 in
942 2776 1186 2842 saecula
1215 2777 1625 2842 saeculorum.
1715 2776 1949 2840 Amen.

391 2881 510 2938 His
551 2881 744 2958 itaque
780 2881 1043 2957 peractiS,
1075 2889 1230 2939 exeat
1267 2880 1521 2939 sacerdos
1561 2900 1689 2938 cam
1715 2880 1904 2938 ceteris
1943 2880 2199 2938 omnibus
2224 2886 2274 2937 et
2312 2879 2636 2958 alloquatwr

305 2973 732 3046 includendam,
761 2982 811 3032 et
849 2974 1006 3032 dicat
1033 2974 1201 3052 qaod,
1228 2975 1284 3032 si
1320 2974 1454 3032 velit
1489 2975 1729 3046 intrare,
1761 2974 1954 3034 intret.
2033 2974 2196 3033 Dum
2234 2981 2423 3034 autem
2447 2975 2634 3034 intra-

309 3068 475 3140 verit,
502 3069 752 3146 incipiat
775 3089 904 3127 mooe
927 3070 1182 3128 sacerdos
1206 3069 1595 3147 antiphonam.

405 3165 488 3228 In
518 3164 913 3229 Paradisum
936 3164 1276 3229 deducant
1305 3170 1374 3229 te
1406 3163 1671 3250 angeli:
1716 3163 1783 3226 in
1816 3167 1931 3228 tuo
1955 3165 2246 3230 adventu
2277 3165 2644 3251 suscipiant

312 3271 384 3331 te
416 3272 767 3352 martyres,
799 3271 870 3330 et
897 3268 1267 3352 perducant
1295 3270 1364 3331 te
1396 3266 1466 3330 in
1494 3266 1836 3332 civitatem
1868 3273 2164 3332 sanctam
2193 3267 2640 3334 Hierusalem.

405 3371 757 3434 Psalmuc.
852 3371 933 3434 In
964 3372 1149 3436 exitu
1181 3369 1417 3435 Israel.

405 3474 578 3536 Ant.
668 3472 830 3537 Haec
869 3475 1138 3558 requies
1183 3496 1334 3539 mea
1376 3475 1445 3538 in
1491 3474 1802 3539 saeculum
1848 3473 2109 3539 saeculi:
2152 3474 2263 3539 hic
2305 3475 2641 3555 habitabo,

319 3575 636 3659 quoniam
669 3574 843 3660 elegi
874 3597 1043 3640 eam.

414 3678 529 3743 Pa,
624 3677 987 3742 MementO.

411 3779 499 3843 R.
587 3779 891 3864 Regnum
940 3779 1168 3843 mundi
1215 3784 1285 3844 et
1329 3801 1592 3845 omnem
1637 3786 1943 3848 ornatum
1992 3781 2212 3847 saeculi
2256 3787 2645 3871 contempsi,

319 3886 599 3965 propter
643 3902 935 3945 amorem
979 3882 1247 3946 Domini
1300 3883 1431 3947 mei
1482 3883 1523 3949 J
1527 3905 1649 3948 esu
1687 3884 1948 3950 Christi
1999 3906 2195 3969 quem
2246 3886 2401 3966 vidi,
2448 3910 2644 3973 quem

324 3984 567 4061 amavi,
600 4005 794 4068 quem
826 3985 1093 4063 credidi,
1126 4007 1322 4071 quem
1354 3987 1580 4051 dilexi.

425 4087 694 4152 Versus.
784 4087 1133 4154 Eructavit
1190 4110 1305 4154 cor
1361 4111 1583 4155 meum
1641 4093 1914 4157 verbum
1974 4093 2256 4156 bonum:
2315 4093 2463 4158 dico
2521 4113 2648 4180 ego

325 4211 530 4275 opera
560 4209 710 4254 mea
739 4190 904 4276 regi.

421 4292 629 4377 Quem
662 4293 817 4356 vidi.
