3117 5025
1017 390 1380 453 Ordinatio
1414 389 1885 452 Sacerdotum.
2524 387 2609 448 39

382 595 629 674 Expleta
658 605 845 654 autem
872 596 977 654 hac
1009 593 1293 666 Oratione,
1322 595 1443 652 alta
1469 614 1594 652 voce
1619 593 1866 671 incipiat
1895 589 2212 670 Hymnum.

385 691 579 768 Veni,
612 692 892 757 Creator
925 692 1232 778 Spiritus,

474 794 740 859 Mentes
768 798 1035 858 tuorum
1068 792 1286 868 visita,

475 897 687 981 Imple
721 918 1011 982 superna
1039 895 1278 981 gratia,

476 998 627 1082 Quae
657 1003 735 1063 tu
766 998 1032 1073 creasti,
1064 1006 1354 1081 pectora.

389 1101 512 1185 Qui
546 1101 923 1166 Paraclitus
953 1099 1213 1174 diceris,

477 1203 738 1267 Donum
770 1202 898 1266 Dei
929 1200 1260 1275 altissimi,

473 1306 651 1369 Fons
681 1305 896 1380 vivus,
929 1303 1124 1389 ignis,
1156 1304 1422 1377 caritas,

474 1407 567 1472 Et
596 1406 919 1492 spiritalis
948 1407 1193 1470 unctio.

388 1511 492 1574 Tu
525 1510 930 1595 septiformis
960 1529 1251 1581 munere,

478 1612 746 1677 Dextrae
777 1611 902 1676 Dei
932 1616 1010 1676 tu
1038 1611 1310 1695 digitus,

480 1716 581 1778 Tu
611 1715 740 1778 rite
771 1713 1099 1799 promisso
1132 1713 1353 1775 Patris

482 1816 795 1880 Sermone
827 1816 1048 1879 ditans
1078 1819 1373 1899 guttura.

395 1918 698 1982 Accende
728 1918 954 1981 lumen
987 1916 1311 1990 sensibus,

483 2021 766 2084 Infunde
797 2040 1088 2084 amorem
1119 2018 1445 2091 cordibus,

487 2124 759 2187 Infirma
788 2122 1000 2186 nostri
1031 2121 1325 2205 corporis

484 2226 758 2290 Virtute
788 2225 1061 2287 firmans
1091 2222 1436 2308 perpetim.

396 2328 678 2392 Hostem
709 2325 999 2411 repellas
1027 2324 1312 2409 longius,

480 2431 849 2514 Pacemque
879 2429 1085 2492 dones
1115 2427 1456 2513 protinus3

479 2531 768 2596 Ductore
801 2532 895 2596 sic
925 2538 992 2595 te
1025 2531 1263 2615 praevio

483 2635 796 2698 Vitemus
826 2655 1018 2698 omne
1048 2633 1336 2696 noxium.

396 2740 526 2803 Per
553 2744 622 2803 te
654 2739 939 2802 sciamus
968 2738 1054 2801 da
1083 2736 1370 2810 Patrem,

486 2841 859 2904 Noscamus
890 2849 1089 2922 atque
1119 2836 1402 2912 Filium3

489 2944 735 3026 Teque,
768 2943 1115 3024 utriusque
1149 2940 1488 3024 Spiritum,

492 3043 854 3108 Credamus
885 3043 1060 3108 omni
1090 3047 1408 3126 tempore.

406 3148 511 3213 Sit
539 3148 689 3213 laus
720 3148 907 3213 Patri
938 3168 1084 3210 cum
1115 3145 1308 3220 Filio,

490 3252 733 3316 Sancto
767 3249 964 3314 simul
994 3247 1326 3313 Paraclito
1352 3272 1368 3323 ;

490 3354 833 3437 Nobisque
866 3353 1092 3415 mittat
1119 3350 1331 3414 Filius

492 3455 838 3519 Charisma
869 3453 1093 3518 Sancti
1125 3453 1429 3537 Spiritus.
1521 3455 1754 3518 Amen.

417 3555 661 3634 Empleto
714 3554 969 3633 Hymno,
1027 3555 1282 3612 omnibus
1333 3556 1700 3631 sumentibus,
1755 3555 2039 3633 episcopus
2091 3556 2291 3614 stando
2343 3555 2626 3615 benedicat

313 3673 519 3711 manus
545 3650 995 3709 ordinandorum
1019 3669 1289 3725 expansas
1311 3670 1329 3706 .·

405 3744 791 3823 Beneffldic,
851 3742 1152 3817 Domine,
1214 3748 1284 3806 et
1342 3744 1680 3808 sanctifica
1737 3745 1859 3808 has
1918 3766 2154 3810 manus
2215 3748 2626 3811 sacerdotum

316 3857 584 3914 tuorum
617 3847 701 3910 ad
731 3846 1212 3910 consecrandas
1251 3846 1530 3922 hostias,
1562 3867 1705 3929 quae
1734 3868 1855 3931 pro
1885 3847 2146 3912 delictis
2190 3852 2391 3932 atque
2422 3850 2630 3934 negli-

317 3950 568 4035 gentiis
611 3949 839 4034 populi
885 3949 1274 4024 offeruntur,
1316 3953 1386 4012 et
1436 3948 1521 4012 ad
1574 3954 1811 4013 caetera
1854 3950 2299 4015 benedicenda
2350 3973 2493 4035 quae
2546 3952 2629 4015 ad

315 4073 479 4117 usus
512 4051 658 4133 ejus
681 4050 1060 4114 necessaria
1084 4056 1279 4113 sunt:
1328 4054 1399 4113 et
1426 4056 1690 4134 praesta,
1716 4072 2106 4133 quaesumus,
2132 4059 2208 4116 ut
2231 4074 2629 4137 quaecunque

318 4155 797 4231 benedixerint,
857 4153 1481 4230 benedicantur‚·et
1541 4175 1938 4237 quaecunque
2001 4157 2430 4233 sacraverint,
2494 4178 2634 4221 sac-

309 4264 562 4333 rentur,
599 4256 912 4320 Salvator
944 4256 1192 4318 mundi.
1287 4255 1407 4339 Qui
1443 4255 1614 4318 vivis
1647 4260 1714 4320 et
1745 4277 2009 4341 regnas.
