3117 5025
502 412 629 479 376
989 370 994 374 ὁ
1126 414 1635 480 laathronizatio
1669 416 2215 500 Archiepiscopi.

587 585 866 652 Necnon
915 587 1298 655 Abbatibus
1347 589 1570 654 Beatae
1620 590 1876 667 Mariae,
1929 590 2011 655 de
2064 589 2414 667 Fontibus,
2463 587 2817 664 Rievalli‘s‚

501 689 723 776 Selby,
779 691 1116 768 Rufforth,
1172 692 1455 778 Byland‚
1507 691 1551 757 J
1556 694 1903 770 orevallis,
1958 699 2030 759 et
2088 693 2246 759 aliis
2304 691 2821 779 quamplurimis

500 795 880 861 Abbatibus
942 801 1012 861 et
1071 798 1443 875 Prioribus,
1498 798 1692 884 capis
1755 797 1990 864 sericis
2050 798 2307 864 indutis
2367 802 2437 863 et
2496 797 2822 874 mitratis,

500 919 758 962 necnon
791 898 1127 965 nobilibus
1163 901 1347 966 viris.

583 1003 871 1069 Domino
904 1004 1194 1069 Ricardo
1224 1005 1411 1071 Duce
1443 1006 1647 1070 Ebor.

586 1105 895 1173 Dominis
927 1109 1010 1172 de
1046 1108 1252 1195 Scrop

918 1195 1002 1260 de
1035 1197 1273 1261 Lovell
1448 1111 1494 1366 }
1517 1197 1886 1263 baronibus

917 1282 998 1346 de
1033 1283 1388 1348 Cromwell

586 1383 897 1470 Aliisque
946 1387 1276 1452 militibus
1322 1392 1394 1453 et
1440 1386 1706 1452 clericis
1737 1409 1815 1453 ac
1862 1387 2059 1453 laicis
2090 1389 2449 1472 utriusque
2499 1408 2703 1453 sexus
2748 1374 2826 1452 et

500 1488 929 1555 multitudine
994 1493 1266 1578 copiosa
1329 1514 1408 1558 ac
1469 1515 1576 1556 me
1640 1494 1897 1559 Thoma
1956 1494 2039 1558 de
2109 1494 2275 1561 Alta
2334 1493 2511 1580 Ripa
2570 1492 2818 1558 clerico

505 1596 769 1660 notario
789 1596 1077 1683 publico.

506 1794 1235 1867 INTHRONIZATIO
1254 1800 1940 1870 ARCHIEPISOOPI
1958 1801 2459 1899 LAURENTII
2483 1799 2808 1868 BOTHE.

589 2061 800 2127 From
834 2061 942 2128 the
980 2061 1280 2145 Chapter
1307 2064 1485 2128 Acts
1499 2065 1625 2148 for
1656 2066 1746 2128 A.
1779 2064 1865 2128 D.
1898 2063 2092 2131 1477.

590 2247 1101 2313 Memorandum
1138 2249 1314 2334 quod
1347 2251 1387 2315 8
1435 2250 1619 2334 Sept.
1665 2253 1746 2314 A.
1780 2248 1861 2314 D.
1898 2251 2090 2317 1477.
2178 2247 2807 2314 Reverendissimus

499 2353 569 2416 in
624 2350 895 2417 Christo
954 2354 1160 2417 Pater
1212 2359 1283 2418 et
1341 2352 1694 2431 Dominus,
1743 2354 2534 2420 Dominus”Laurentius
2584 2352 2809 2439 gratia

504 2455 633 2523 Dei
701 2456 903 2521 Ebor.
966 2457 1531 2544 Archiepiscopus
1592 2458 1714 2523 διο.
1785 2456 2078 2544 propriis
2138 2457 2413 2522 indutus
2482 2457 2815 2532 vestibus,

504 2582 547 2626 a
587 2559 860 2626 Decano
907 2566 978 2625 et
1024 2560 1320 2644 capitulo
1366 2561 1687 2626 Ecclesiae
1732 2560 2162 2626 cathedralis
2207 2562 2410 2625 Ebor.
2443 2583 2523 2625 ac
2567 2561 2816 2625 ceteris
2900 2545 2910 2558 ⁹

365 2744 370 2748 ⁴
501 2663 834 2729 ministris
876 2664 1195 2729 Ecclesiae
1242 2663 1445 2728 Ebor.
1487 2664 1804 2750 cleroque
1850 2669 1922 2729 et
1964 2664 2212 2751 populo
2265 2665 2565 2730 civitatis
2610 2665 2812 2729 Ebor.

503 2770 711 2854 ‘prout
767 2768 978 2832 moris
1032 2773 1157 2858 est,
1212 2768 1298 2832 ad
1360 2768 1692 2853 capellam
1750 2768 1979 2834 Sancti
2037 2769 2079 2834 J
2084 2769 2273 2833 acobi
2327 2773 2525 2833 extra
2583 2789 2812 2833 muros

506 2872 808 2938 civitatis
881 2872 1087 2936 Ebor.
1167 2872 1487 2937 situatam
1566 2873 1835 2938 circiter
1906 2873 2141 2937 horam
2216 2873 2573 2957 septimam
2649 2881 2809 2952 ante

500 2976 851 3040 meridiem
883 2976 1180 3058 ejusdem
1213 2977 1345 3040 diei
1376 2977 1558 3041 inter
1603 2977 1884 3042 eandem
1916 2976 2244 3063 capellam
2278 2981 2348 3041 et
2379 2976 2708 3058 calcetum
2744 2978 2811 3041 in

499 3078 642 3144 alta
691 3078 823 3154 via,
876 3078 990 3141 ubi
1043 3079 1129 3142 ad
1175 3079 1551 3151 scabellum
1606 3102 1729 3167 per
1778 3081 2080 3145 Priorem
2135 3081 2396 3146 Sanctae
2448 3081 2808 3146 Trinitatis

496 3184 697 3248 Ebor.
759 3182 1123 3247 honorifice
1181 3183 1561 3249 ordinatum
1621 3184 1798 3249 idem
1849 3185 2174 3249 Dominus
2232 3184 2804 3269 Archiepiscopus

496 3286 1018 3374 genuflectendo,
1042 3308 1084 3351 a
1106 3286 1397 3353 Domino
1423 3287 1695 3354 Decano
1721 3295 1792 3354 et
1813 3289 2228 3353 Praecentore
2253 3309 2431 3371 aqua
2453 3288 2808 3353 benedicta

496 3410 816 3477 aspersus
880 3395 951 3455 et
1013 3391 1444 3456 thurificatus
1520 3397 1648 3468 est,
1711 3392 2092 3457 Abbatibus
2168 3396 2240 3455 et
2312 3391 2658 3462 Prioribus
2734 3392 2803 3454 in

489 3495 990 3583 pontificalibus
1021 3495 1091 3559 in
1122 3482 1326 3561 choro
1350 3481 1945 3580 processionaliter
1974 3495 2069 3560 ibi
2101 3494 2454 3559 ordinatis.
2541 3492 2804 3559 Deinde

496 3621 693 3665 cruce
754 3599 1073 3664 Ecclesiae
1134 3598 1561 3666 cathedralis
1622 3621 1743 3683 per
1802 3599 2139 3663 dominum
2201 3599 2800 3684 Archiepiscopum

502 3705 741 3769 devote
776 3702 1103 3779 osculata,
1123 3703 1295 3767 idem
1324 3705 1631 3768 dominus
1660 3703 2225 3788 Archiepiscopus
2250 3703 2535 3765 intravit
2564 3703 2811 3767 dictam

498 3806 828 3893 capellam
895 3816 964 3871 et
1031 3805 1118 3870 ad
1186 3808 1440 3891 gradus
1507 3807 1748 3872 altaris
1816 3808 1980 3871 fecit
2047 3826 2207 3871 suas
2276 3806 2674 3871 devotiones
2739 3812 2810 3870 et

498 3960 514 3976 .
551 3960 569 3976 .
604 3958 619 3973 .
653 3911 869 3974 frater
898 3910 1126 3974 Abbas
1173 3909 1255 3973 de
1292 3911 1512 3995 Selby,
1545 3933 1714 3996 capa
1744 3911 2020 3974 indutus
2055 3915 2125 3974 et
2167 3909 2505 3984 mitratus,
2540 3929 2804 3972 crucem

495 4012 745 4080 domini
777 4013 1285 4098 Archiepiscopi
1332 4015 1401 4079 in
1449 4016 1678 4080 eadem
1727 4013 1987 4100 capella
2030 4012 2306 4096 recepit,
2343 4017 2413 4076 et
2454 4032 2679 4076 coram
2727 4033 2807 4076 eo

491 4122 637 4184 toto
664 4115 783 4179 illo
810 4116 916 4179 die
944 4116 1013 4179 in
1048 4117 1362 4182 omnibus
1394 4117 1562 4183 locis
1585 4118 1839 4203 gessit3
1887 4123 1957 4180 et
1978 4115 2215 4180 deinde
2249 4111 2471 4179 dictus
2495 4115 2809 4179 dominus

491 4221 804 4286 Decanus
836 4219 1097 4304 accepit
1126 4220 1405 4303 pallium
1435 4221 1684 4285 domini
1715 4219 2223 4303 Archiepiscopi
2251 4238 2456 4301 super
2486 4215 2701 4281 altare
2735 4216 2806 4278 in

486 4326 668 4390 dieta
728 4322 989 4408 capella
1056 4324 1439 4409 depositum
1506 4334 1578 4390 et
1637 4346 1861 4390 coram
1929 4324 2197 4388 domino
2265 4320 2799 4404 Archiepiscopo

492 4430 667 4492 inter
697 4426 983 4491 eundem
1016 4431 1086 4491 et
1107 4429 1493 4492 crucifixum
1522 4430 1886 4496 comitante
1921 4449 2143 4493 secum
2166 4426 2608 4500 Praecentore,
2632 4423 2814 4491 inter
