3117 5025
513 416 642 480 186
1150 419 1671 483 Benedictiones
1702 417 2053 498 Episcopo
2062 416 2185 479 les.

589 621 832 700 Infesta
859 623 922 684 S.
961 622 1291 683 Trinitatis.

596 819 1035 908 Omnipotens
1082 821 1407 899 Trinitas,
1436 842 1612 885 unus
1659 825 1728 887 et
1769 841 1972 886 verus
2017 819 2224 895 Deus,
2255 818 2460 884 Pater
2491 821 2562 880 et
2604 812 2825 879 Filius

514 930 585 989 et
615 923 909 1009 Spiritus
943 924 1252 1001 Sanctus,
1283 924 1400 989 det
1427 925 1620 989 vobis
1651 945 1804 988 eum
1834 923 2217 989 desiderare
2247 921 2553 995 feliciter,
2586 936 2832 1003 agnos-

510 1048 661 1092 cere
692 1027 1049 1104 veraciter,
1079 1026 1363 1113 diligere
1397 1028 1772 1099 sinceriter.
1860 1028 2098 1092 Amen.

603 1130 1092 1214 AEqualitatem
1140 1135 1343 1215 atque
1394 1129 2136 1196 incommutabilitatem
2192 1147 2329 1192 suoe
2374 1124 2681 1195 essentiae
2733 1121 2836 1184 ita

516 1233 765 1297 vestris
795 1233 1135 1297 mentibus
1164 1232 1423 1319 infigat,
1454 1239 1534 1298 ut
1562 1234 1648 1298 ab
1679 1254 1759 1297 eo
1802 1252 2143 1316 nunquam
2174 1250 2297 1295 vos
2327 1229 2836 1315 quibuscunque

514 1335 898 1419 phantasiis
929 1337 1247 1401 aberrare
1277 1336 1650 1420 permittat.
1736 1335 1972 1399 Amen.

610 1438 850 1522 Sicque
880 1459 1003 1504 vos
1034 1439 1103 1502 in
1151 1459 1276 1504 sua
1303 1439 1434 1504 fide
1468 1443 1539 1504 et
1583 1438 1868 1504 caritate
1899 1457 2336 1523 perseverare
2383 1430 2726 1506 concedat,
2758 1434 2842 1491 ut

522 1562 645 1627 per
688 1562 772 1606 ea
816 1542 1241 1627 postmodum
1287 1542 1371 1607 ad
1426 1542 1532 1606 sui
1577 1540 2187 1606 manifestationem
2234 1539 2688 1620 visionemque
2736 1533 2839 1595 in-

525 1643 1019 1709 terminabilem
1052 1646 1457 1711 introducat.
1547 1647 1785 1709 Amen.

525 1821 530 1828 .
614 1746 802 1831 Quod
833 1747 999 1832 ipse.

609 1948 661 2008 I
654 1971 694 2008 n
702 1949 1019 2025 festivitate
1051 1950 1320 2028 Corporis
1351 1951 1589 2012 Christi.

621 2168 988 2233 Benedicat
1016 2188 1139 2232 vos
1186 2167 1371 2233 Deus
1402 2169 1514 2253 qui
1546 2189 1668 2254 per
1709 2168 2064 2254 Unigeniti
2097 2168 2202 2232 sui
2247 2167 2624 2253 passionem
2653 2169 2855 2228 vetus

533 2271 785 2355 pascha
813 2272 885 2336 in
915 2293 1157 2336 novum
1190 2271 1405 2336 voluit
1433 2272 1756 2348 converti,
1788 2272 2238 2356 concedatque
2283 2271 2474 2335 vobis
2506 2269 2620 2354 qui
2651 2268 2860 2351 hujus

533 2375 667 2439 diei
692 2375 1018 2440 celebrem
1044 2375 1311 2439 habetis
1334 2376 1746 2452 memoriam,
1767 2381 1846 2439 ut
1868 2379 2243 2461 expurgato
2268 2374 2517 2438 veteris
2538 2370 2861 2435 fermenti

538 2479 873 2565 contagiO,
903 2500 1081 2543 nova
1111 2479 1179 2542 in
1210 2478 1824 2565 vobisperseveret
1855 2478 2417 2568 commemoratio.
2506 2477 2746 2540 Amen.

626 2585 712 2647 Et
742 2583 856 2667 qui
887 2581 971 2646 ad
1003 2581 1468 2647 celebrandam
1510 2584 1809 2668 corporis
1841 2588 1912 2647 et
1941 2582 2290 2668 sanguinis
2335 2580 2603 2646 Domini
2634 2581 2852 2644 nostri
2926 2575 2933 2580 ’

537 2684 577 2748 J
586 2705 705 2749 esu
748 2683 1003 2748 Christi
1052 2683 1574 2749 sollemnitatem
1621 2685 1942 2750 hodierna
1986 2684 2092 2748 die
2146 2688 2369 2748 mente
2409 2684 2653 2747 devota
2701 2704 2855 2746 con-

538 2787 843 2864 venistis,
921 2791 1320 2852 aeternarum
1394 2787 1666 2872 dapium
1742 2788 2086 2852 vobiscum
2162 2787 2400 2873 epulas
2472 2787 2858 2871 reportetis.

542 2893 778 2953 Amen.

632 2992 891 3076 Quique
940 3013 1111 3069 eum,
1162 2992 1275 3076 qui
1323 2992 1517 3077 panis
1580 2998 1686 3071 est
1745 2992 2159 3079 angelorum,
2214 2993 2430 3057 cibum
2490 2992 2652 3057 fecit
2710 3012 2860 3055 esse

548 3092 839 3158 fidelium
873 3093 1433 3171 Christianorum,
1454 3095 1600 3180 ipse
1632 3116 1752 3161 vos
1781 3096 1852 3159 in
1881 3095 2196 3181 praesenti
2228 3094 2467 3159 saeculo
2497 3095 2857 3180 degustare

546 3195 755 3260 faciat
805 3200 1206 3260 aeternorum
1257 3196 1675 3262 dulcedinem
1728 3198 2145 3283 gaudiorum,
2195 3203 2266 3262 et
2316 3198 2386 3260 in
2434 3198 2663 3263 futuro
2709 3217 2858 3282 per-

547 3301 752 3365 ducat
780 3300 864 3365 ad
897 3300 1286 3365 societatem
1320 3301 1687 3365 coelestium
1720 3303 2157 3387 praemiorum.
2245 3304 2480 3366 Amen.

627 3505 711 3563 In
738 3504 834 3564 die
864 3504 923 3564 S.
955 3505 1247 3564 Johannis
1274 3503 1578 3584 Baptistae.
1674 3523 1679 3528 ·

636 3701 1001 3767 Benedicat
1051 3723 1171 3766 vos
1222 3703 1644 3787 omnipotens
1692 3704 1878 3769 Deus
1927 3705 2105 3769 beati
2155 3704 2488 3772 Johannis
2538 3707 2864 3792 Baptistae

551 3804 1054 3882 intercessione,
1106 3807 1298 3890 cujus
1357 3808 1553 3871 hodie
1614 3808 1927 3874 natalitia
1986 3809 2362 3886 celebratis,
2416 3809 2869 3894 concedatque

554 3914 630 3971 ut
661 3906 853 3989 cujus
884 3907 1236 3971 sollemnia
1262 3909 1483 3974 colitis
1514 3911 1890 3994 patrocinia
1920 3911 2249 3976 sentiatis.
2337 3913 2573 3976 Amen.

638 4010 833 4074 Illius
863 4010 1141 4074 obtentu
1173 4011 1258 4075 ab
1290 4012 1600 4077 omnibus
1633 4015 1938 4079 adversis
1962 4015 2306 4093 tueamini,
2339 4022 2409 4080 et
2436 4016 2631 4079 bonis
2662 4018 2871 4080 omni-

554 4116 680 4178 bus
726 4112 1180 4195 perfruamini,
1228 4114 1341 4197 qui
1386 4115 1747 4180 adventum
1792 4118 2263 4203 Redemptoris
2314 4118 2541 4182 mundi
2586 4118 2871 4183 necdum

556 4225 757 4283 natus
801 4218 1133 4301 cognovit,
1166 4220 1403 4283 matris
1452 4223 1881 4287 sterilitatem
1930 4224 2262 4290 nascendo
2308 4224 2609 4300 abstulit,
2656 4226 2875 4308 patris

558 4320 851 4404 linguam
888 4327 1086 4385 natus
1119 4322 1429 4387 absolvit.
1523 4328 1754 4387 Amen.
