3117 5025
954 728 1451 800 DEDIOATIO
1500 731 1990 800 ECCLESIAE.

393 935 538 995 Hoec
559 935 638 994 ad
655 934 893 994 ecclesiae
917 934 1330 997 dedicationem
1358 947 1489 997 eunt
1513 936 2233 998 necessaria—Duodecim
2259 955 2444 996 cruces
2461 934 2637 1014 pictae

310 1032 456 1105 foris
495 1039 546 1089 et
585 1030 880 1089 duodecim
918 1031 1074 1088 intus
1096 1052 1121 1103 ;
1158 1031 1371 1109 viqinti
1409 1041 1653 1111 quatuor
1690 1032 1890 1092 cereoli
1928 1039 1979 1090 et
2005 1031 2234 1091 totidem
2260 1030 2412 1090 clavi
2438 1029 2639 1108 quibus

315 1126 517 1186 cereoli
533 1125 870 1202 infiyantur,
892 1124 1186 1184 duodecim
1197 1126 1350 1201 foris
1376 1134 1427 1185 et
1447 1126 1743 1185 duodecim
1768 1126 1925 1185 intua
1949 1147 2117 1205 super
2134 1125 2389 1203 sinyulae
2415 1145 2599 1183 cruces
2618 1144 2644 1197 ;

316 1242 458 1281 crux
481 1221 751 1299 ponenda
789 1219 858 1278 in
896 1220 1081 1280 medio
1117 1221 1324 1280 altaris
1363 1243 1492 1281 cum
1530 1223 1857 1281 dedicatum
1879 1221 2068 1298 fuerit
2085 1244 2111 1295 ;
2149 1221 2489 1281 candelabra
2528 1221 2642 1279 duo

318 1337 449 1376 cum
476 1316 644 1395 cereis
685 1315 765 1374 ad
799 1315 1123 1393 ponendum
1147 1316 1216 1374 in
1254 1316 1467 1375 duobus
1494 1317 1753 1375 cornibus
1796 1315 2001 1374 altaris
2022 1338 2047 1388 ,·
2087 1316 2438 1374 thuribulum
2464 1323 2517 1373 et
2553 1315 2649 1373 in-

320 1432 543 1470 censum
557 1433 581 1483 ,·
626 1418 836 1469 textum
852 1432 878 1483 ;
915 1410 1175 1470 sabulum
1193 1434 1218 1484 ,·
1256 1433 1357 1470 vas
1373 1411 1613 1490 plenum
1648 1432 1800 1489 aqua
1826 1411 1893 1470 in
1919 1411 2106 1469 medio
2131 1411 2366 1469 ecclesiae
2382 1432 2407 1483 ;
2445 1431 2538 1468 sex
2561 1409 2650 1468 vel

321 1514 565 1585 quatuor
580 1513 737 1563 eoetra
753 1526 779 1577 ;
816 1505 1014 1563 vinum
1036 1527 1061 1578 ;
1086 1507 1176 1564 sal
1191 1514 1242 1565 et
1261 1506 1470 1565 cineres
1487 1527 1512 1578 ,·
1550 1526 1787 1584 ysopum
1808 1527 1833 1578 ,·
1872 1506 2052 1566 oleum
2069 1514 2324 1565 sanctum
2342 1527 2367 1578 ;
2393 1505 2602 1563 crisma
2624 1524 2649 1578 ,-

322 1600 495 1659 sedile
516 1621 542 1672 ;
605 1607 854 1677 tapetum
878 1621 903 1673 ;
961 1598 1154 1659 bacini
1174 1622 1198 1673 ;
1261 1600 1686 1678 manuterqium
1745 1600 1825 1659 ad
1882 1601 2221 1678 cinqendum
2281 1600 2600 1679 episcopum
2622 1619 2647 1672 ,·

315 1694 515 1774 panni
539 1693 762 1755 altaris·

409 1788 496 1847 In
523 1789 825 1866 papilione
863 1788 949 1846 vel
987 1787 1221 1846 tentorio
1267 1796 1417 1847 tenso
1458 1797 1588 1848 ante
1623 1788 1811 1866 majus
1849 1790 2054 1849 ostium
2092 1789 2328 1849 eccleeiae
2366 1788 2653 1868 episcopus

333 1884 543 1943 induat
567 1905 623 1941 se
648 1882 1019 1941 mediocribus
1048 1883 1284 1941 vestibus
1308 1884 1506 1955 sacri-3,
1532 1883 1743 1943 scilicet
1770 1885 1919 1956 alba,
1949 1885 2112 1957 stola,
2141 1885 2457 1964 manipul0,
2486 1904 2652 1962 capa,

326 1981 524 2053 mitra,
543 1988 594 2038 et
611 1979 952 2038 chirothecis.
1033 1978 1331 2037 Induatur
1351 1979 1525 2038 etiam
1544 1979 1819 2040 diaconus
1840 1981 1990 2055 alba,
2016 1981 2159 2041 stola
2178 2001 2307 2040 cum
2324 1979 2645 2060 manipulo,

314 2075 595 2154 psallente
620 2074 852 2133 interim
879 2074 1023 2133 clero
1047 2074 1145 2132 hoe
1166 2073 1412 2151 psalmos
1437 2073 1693 2134 videlicet
1712 2095 1734 2135 .·

412 2171 458 2237 J
459 2171 655 2235 udica
683 2192 789 2233 me
819 2167 1023 2233 Deus.
1114 2167 1232 2249 [Ps
1262 2168 1430 2255 xlii.]

418 2274 630 2358 Quam
660 2273 924 2337 dilecta.
1015 2270 1130 2352 [Ps
1161 2270 1444 2357 1333ἰίἰ.]

420 2378 765 2442 Memento
796 2374 1098 2439 Domine.
1187 2372 1303 2454 [Ps
1336 2372 1584 2459 cxxxi]

421 2481 593 2546 Ecce
625 2500 820 2564 quam
851 2480 1115 2544 bonum.
1206 2477 1341 2559 [Ps.
1375 2477 1647 2557 cxxxii]

340 2607 492 2652 cum
522 2584 928 2665 antiphona.

363 2702 1411 2741 ——-----
1656 2736 1727 2766 .-

432 2844 640 2910 Ve-ni
671 2842 1032 2906 Do-mi-ne.
1098 2861 1135 2904 e
1195 2862 1242 2904 u
1305 2861 1344 2904 o
1406 2861 1451 2902 u
1509 2859 1554 2904 a
1618 2859 1677 2903 e.

432 2947 643 3032 Kyrie
675 2944 946 3009 eleison.

437 3050 703 3115 Christe
736 3047 1006 3112 eleison.

435 3151 646 3237 Kyrie
678 3149 948 3215 eleison.

437 3256 642 3319 Pater
669 3256 916 3316 noster.

430 3355 699 3432 Pontifex
739 3361 947 3424 autem,
983 3358 1136 3410 stans
1176 3356 1333 3410 extra
1371 3349 1677 3422 ecclesiam,
1722 3357 1773 3411 et
1812 3349 2073 3412 baculum
2103 3352 2453 3432 pastoralem
2491 3373 2671 3412 manu

351 3461 560 3526 tenens,
589 3451 766 3509 dicat.

442 3547 536 3612 Et
563 3567 647 3610 ne
678 3564 821 3608 noe.

441 3648 732 3716 Ostende
761 3644 975 3722 nobis,
1006 3643 1308 3720 Domine,
1338 3640 1862 3708 misericordiam
1891 3649 2098 3711 tuam.

442 3751 631 3828 Este,
663 3748 874 3825 nobis,
905 3745 1207 3822 Domine,
1238 3743 1448 3810 turris
1477 3744 1917 3812 fortitudinis.

442 3853 601 3918 Non
628 3851 843 3927 nobis,
872 3848 1177 3924 Domine,
1208 3867 1340 3912 non
1369 3846 1583 3912 nobis,

448 3954 731 4021 Domine
762 3950 1020 4018 exaudi.

451 4057 778 4124 Dominus
806 4055 1167 4120 vobiscum.

452 4163 656 4242 Deus,
688 4160 802 4247 qui
844 4163 1128 4247 paterna.
1155 4155 1508 4240 majestate
1551 4154 1752 4242 ignea
1789 4157 2088 4226 claustra.
2128 4159 2438 4246 dirupisti
2481 4159 2680 4225 infer-

368 4288 622 4346 norum,
655 4268 726 4331 et
769 4261 1091 4348 sanguine
1121 4264 1238 4326 tuo
1281 4257 1620 4345 populum·
1644 4259 1767 4325 tibi
1811 4262 2157 4348 acquisisti
2187 4262 2681 4349 sempiternum,
