3117 5025
742 409 1271 476 Benedictiones
1306 414 1379 475 in
1418 413 1863 490 Quotidianis
1894 414 2174 478 Diebus
2490 412 2618 476 355

390 576 670 663 Talique
716 582 1107 649 inventione
1162 586 1414 671 repleri
1460 586 1771 663 valeatis,
1817 609 1950 671 qua
1997 588 2055 650 ei
2104 587 2171 649 in
2219 591 2613 670 perpetuum

299 680 648 763 placeatis.
739 687 977 751 Amen.

390 787 577 870 Quod
608 789 775 873 ipse.
866 794 1105 857 Amen.

391 891 806 958 Benedictio.
897 898 1133 961 Amen.

385 1046 537 1106 Item
565 1050 710 1107 alia.

389 1142 831 1210 Devotionem
878 1155 1175 1214 vestram
1223 1149 1551 1214 Dominus
1598 1151 1959 1236 dignanter
2005 1151 2332 1226 intendat,
2367 1155 2435 1214 et
2482 1170 2615 1214 suae

297 1249 489 1312 vobis
521 1251 1008 1317 benedictionis
1040 1254 1218 1318 dona
1248 1256 1593 1319 concedat.
1684 1257 1918 1318 Amen.

389 1351 673 1438 Talique
699 1376 820 1419 vos
851 1356 920 1418 in
945 1357 1257 1441 praesenti
1293 1358 1534 1422 saeculo
1571 1358 1869 1422 subsidio
1900 1357 2182 1434 muniat,
2211 1363 2287 1421 ut
2316 1356 2614 1441 paradisi

302 1478 418 1520 vos
447 1457 516 1521 in
548 1459 778 1524 futuro
809 1461 1237 1526 habitatores
1271 1463 1536 1528 efficiat.
1628 1466 1862 1527 Amen.

391 1561 632 1646 Sicque
666 1565 868 1630 corda
896 1571 1128 1630 vestra
1159 1568 1635 1633 sanctificando
1668 1567 2040 1644 benedicat,
2066 1573 2135 1632 et
2163 1567 2615 1631 benedicendo

299 1668 694 1745 sanctificet,
730 1675 806 1732 ut
843 1671 1205 1747 vobiscum,
1239 1673 1439 1736 immo
1472 1673 1541 1734 in
1576 1673 1787 1748 vobi&
1823 1694 1972 1736 eum
2013 1672 2276 1757 jugiter
2304 1672 2613 1735 habitare

304 1769 614 1836 delectet.
707 1776 942 1838 Amen.

391 1873 578 1958 Quod
609 1877 778 1962 ipse.
871 1880 1106 1942 Amen.

390 1979 801 2045 BenedictiO.
892 1985 1128 2047 Amen.

384 2117 434 2176 I
432 2127 539 2176 tem
568 2121 709 2177 alva.

391 2213 528 2280 Det
557 2218 749 2281 vobis
795 2238 1039 2281 munus
1082 2239 1216 2281 suae
1261 2218 1773 2293 benedictionis,
1806 2222 1875 2281 et
1915 2217 2177 2301 repleat
2222 2239 2342 2281 vos
2373 2216 2615 2301 spiritu

306 2319 618 2384 veritatis
652 2327 722 2385 et
751 2322 959 2405 pacis.
1050 2322 1285 2385 Amen.

390 2422 735 2507 Quatenus
799 2426 896 2490 sic
944 2447 1067 2512 per
1127 2426 1302 2492 viam
1369 2425 1616 2490 salutis
1678 2430 1826 2490 tota
1887 2431 2111 2490 mente
2170 2427 2481 2514 curratis,
2539 2433 2616 2490 ut

306 2528 819 2613 subripientium
852 2529 1246 2594 delictorum
1280 2529 1557 2615 laqueos
1581 2529 1943 2594 salubriter
1969 2531 2292 2595 evadatis.
2379 2533 2615 2595 Amen.

385 2632 627 2716 Sicque
660 2634 1039 2698 efficiamini
1069 2636 1138 2698 in
1172 2636 1318 2717 ejus
1353 2635 1849 2720 supplicatione
1891 2635 2138 2710 devoti,
2171 2640 2240 2698 et
2273 2636 2341 2698 in
2373 2641 2613 2699 mutua

299 2734 658 2801 dilectione
710 2739 976 2813 sinceri,
1023 2743 1100 2802 ut
1146 2738 1231 2801 ad
1281 2738 1549 2801 coeleste
1596 2760 1878 2822 regnum
1931 2738 2280 2821 pervenire
2334 2738 2612 2823 possitis

312 2842 550 2904 securi.
642 2843 876 2906 Amen.

395 2944 583 3030 Quod
614 2948 780 3031 ipse.
871 2949 1106 3010 Amen.

398 3050 806 3115 Benedictio,
898 3054 1133 3115 Amen.

394 3205 561 3262 Alia.

398 3298 738 3364 Concedat
769 3302 959 3365 vobis
992 3301 1412 3387 omnipotens
1444 3301 1629 3365 Deus
1660 3322 1901 3366 munus
1953 3323 2085 3365 suae
2117 3302 2616 3379 benedictioniS‚

310 3404 426 3488 qui
455 3409 696 3468 vestrae
729 3408 835 3467 est
865 3393 1174 3469 conscius
1205 3404 1638 3468 infirmitatis.
1729 3406 1965 3467 Amen.

394 3509 485 3572 Et
530 3508 643 3593 qui
688 3510 879 3572 vobis
925 3509 1166 3573 tribuit
1222 3508 1644 3593 supplicandi
1696 3509 2032 3584 affectum,
2080 3509 2340 3574 tribuat
2385 3531 2614 3573 conso-

309 3612 587 3676 lationis
619 3612 969 3675 auxilium.
2166 3609 2169 3620 '

319 3719 322 3720 ⁷
396 3716 492 3780 Ut
537 3717 621 3779 ab
667 3738 746 3778 eo
794 3723 863 3779 et
906 3716 1255 3801 praesentis
1297 3721 1367 3779 et
1406 3715 1649 3778 futurae
1696 3715 1846 3789 vitae
1892 3715 2259 3779 subsidium
2308 3717 2610 3800 capiatis,

306 3820 497 3903 cujus
531 3841 650 3883 vos
682 3821 984 3885 bonitate
1019 3824 1283 3884 creatos
1315 3840 1462 3883 esse
1496 3820 1792 3883 creditis.
1885 3822 2120 3883 Amen.

398 3923 586 4008 Quod
619 3925 785 4009 ipse.
876 3926 1112 3987 Amen.

398 4028 806 4091 Benedictio.
898 4029 1133 4092 Amen.

393 4166 564 4221 Alia.

399 4262 833 4346 Omnipotens
866 4260 1050 4326 Deus
1083 4262 1339 4327 coelesti
1371 4283 1493 4326 vos
1526 4262 1944 4346 protectione
1980 4259 2361 4336 circumdet,
2387 4266 2457 4325 et
2486 4282 2617 4325 suae

310 4365 795 4431 benedictionis
828 4366 998 4430 dono
1028 4365 1419 4450 locupletet.
1507 4366 1746 4430 Amen.

498 4470 628 4533 44*
