3117 5025
1047 388 1487 453 Consecratio
1520 390 1877 472 Episcopi.
2485 387 2618 459 227

282 594 585 672 culturae,
635 596 715 659 de
761 595 999 660 habitu
1039 615 1305 680 quoque
1350 596 1725 661 indumenti
1770 597 2211 663 sacerdotalis
2250 598 2617 663 instituens

281 700 574 764 electum
618 699 845 763 Aaron
875 698 1157 782 mystico
1204 699 1451 762 amictu
1484 698 1720 764 vestiri
1761 700 1938 763 inter
1985 721 2177 765 sacra
2213 700 2505 783 jussisti,
2540 708 2617 765 ut

277 802 746 885 intelligentiae
793 821 1063 867 sensum
1108 800 1190 863 de
1241 800 1568 885 exemplis
1620 803 1920 885 priorum
1974 808 2247 887 caperet
2301 808 2614 868 secutura

280 905 668 987 posteritaS,
702 924 785 965 ne
817 902 1106 965 eruditio
1137 902 1452 966 doctrinae
1488 908 1616 966 tuae
1641 903 1764 965 ulli
1795 904 2062 968 deesset
2091 905 2273 969 aetati
2299 927 2316 980 3
2365 926 2512 968 cum
2544 911 2616 970 et

276 1008 456 1091 apud
478 1019 739 1070 veteres
761 1006 1204 1069 reverentiam
1226 1006 1374 1088 ipsa
1394 1005 1956 1090 significationum
1978 1008 2233 1091 species
2253 1009 2610 1085 obtineret,

283 1117 355 1174 et
385 1110 560 1193 apud
600 1129 724 1173 nos
770 1108 1062 1172 certiora
1106 1112 1338 1172 essent
1382 1108 1848 1191 experimenta
1888 1130 2133 1186 rerum,
2167 1131 2366 1193 quam
2413 1111 2614 1195 aenig-

281 1217 469 1276 mata
499 1212 885 1296 figurarum.
978 1209 1173 1273 Illius
1205 1231 1490 1293 namque
1525 1210 1883 1275 sacerdotii
1929 1212 2288 1277 anterioris
2318 1213 2613 1287 habitus,

283 1319 530 1377 nostrae
576 1314 819 1376 mentis
866 1318 1146 1376 ornatus
1193 1316 1318 1388 est,
1352 1319 1422 1376 et
1466 1312 1918 1394 pontificalem
1965 1313 2252 1398 gloriam
2296 1336 2429 1378 non
2466 1314 2612 1397 jam

288 1417 482 1479 nobis
544 1416 754 1478 honor
806 1414 1227 1478 commendat
1278 1414 1588 1489 vestium,
1639 1415 1756 1478 sed
1819 1415 2138 1498 splendor
2196 1417 2613 1492 animarum;

289 1519 451 1602 quia
480 1523 551 1581 et
579 1517 722 1592 illa,
755 1538 898 1601 quae
939 1522 1099 1580 tunc
1144 1516 1525 1580 carnalibus
1571 1517 2089 1583 blandiebantur
2134 1521 2501 1597 obtutibus,
2535 1541 2616 1585 ea

286 1620 513 1703 potius
546 1641 687 1703 quae
733 1620 803 1682 in
835 1619 1001 1702 ipsis
1049 1623 1243 1682 erant
1286 1619 1730 1703 intelligenda
1758 1623 2147 1704 poscebant.
2235 1621 2327 1686 Et
2370 1622 2613 1686 idcirco

285 1723 440 1785 huic
499 1721 751 1785 famulo
811 1726 951 1796 tuo,
1010 1742 1208 1805 quem
1273 1722 1358 1784 ad
1427 1723 1667 1785 summi
1737 1724 2095 1788 sacerdotii
2161 1725 2608 1789 ministerium

290 1824 579 1909 elegisti,
656 1826 852 1899 hanc,
931 1844 1330 1907 quaesumuS,
1400 1824 1701 1901 Domine,
1767 1826 2057 1911 gratiam
2131 1827 2467 1912 largiaris,
2536 1833 2615 1892 ut

287 1928 602 2012 quicquid
633 1929 754 1991 illa
777 1927 1110 2002 velamina
1139 1925 1207 1988 in
1238 1926 1501 2011 fulgore
1534 1928 1702 2004 auri,
1728 1929 1797 1991 in
1827 1930 2043 1993 nitore
2074 1950 2511 2014 gemmarum,
2539 1937 2610 1996 et

283 2033 356 2094 in
415 2030 790 2095 multimodi
853 2030 1074 2114 operis
1142 2030 1473 2094 varietate
1543 2031 1924 2115 signabant,
1985 2033 2113 2095 hoc
2179 2033 2247 2094 in
2315 2032 2611 2096 moribus

287 2134 686 2217 actibusque
753 2132 1102 2196 clarescat.
1222 2131 1519 2216 Comple,
1580 2132 1881 2210 Domine,
1943 2133 2011 2196 in
2081 2135 2425 2198 sacerdote
2493 2141 2613 2198 tuo

288 2236 646 2299 ministerii
697 2235 802 2300 tui
855 2255 1181 2297 summam
1242 2239 1313 2297 et
1362 2235 1774 2297 ornamentis
1832 2235 2046 2299 totius
2099 2235 2612 2319 glorificationis

285 2340 679 2403 instinctum
713 2336 1002 2401 coelestis
1034 2336 1361 2420 unguenti
1390 2357 1543 2399 rore
1577 2337 1938 2401 sanctifica.

365 2441 489 2498 Hic
517 2442 708 2498 mittat
733 2440 980 2497 chrisma
1007 2440 1073 2497 in
1100 2447 1270 2516 caput
1296 2438 1414 2515 ejus
1440 2439 1508 2496 in
1534 2439 1768 2497 modum
1794 2440 1977 2497 crucis
2005 2440 2218 2513 leniter,
2248 2440 2454 2498 dicem.

255 2582 261 2586 -
376 2540 739 2622 Unguatur
785 2541 855 2601 et
898 2540 1327 2600 consecretur
1367 2541 1572 2620 caput
1614 2541 1802 2599 tuum
1847 2536 2101 2600 coelesti
2145 2537 2606 2602 benedictione

282 2643 356 2704 in
403 2642 631 2705 ordine
678 2638 1063 2725 pontificali,
1112 2639 1191 2701 [n
1243 2641 1508 2703 nomine
1559 2637 1639 2716 ›1‹
1696 2640 1919 2704 Patris
1964 2646 2034 2704 et
2080 2639 2159 2718 ›1‹
2204 2640 2365 2703 Filii
2410 2644 2480 2705 et
2527 2646 2606 2725 ›1‹

289 2747 585 2831 Spiritus
620 2745 872 2808 Sancti.
963 2745 1199 2807 Amen.

377 2851 520 2914 Pax
549 2854 788 2912 tecum.

377 2953 472 3017 Et
503 2973 651 3015 cum
683 2952 925 3035 spiritu
956 2957 1093 3015 tuo.

368 3056 530 3113 Tunc
557 3073 742 3111 omnes
768 3054 1018 3132 episcopi
1055 3060 1315 3129 unquam
1341 3063 1515 3131 caput
1541 3052 1661 3128 ejus
1689 3052 1951 3110 manibus
1977 3054 2097 3112 suis
2121 3075 2144 3126 ;
2186 3063 2236 3113 et
2264 3063 2396 3113 tunc
2422 3063 2604 3114 cantet

291 3151 471 3209 oleras
497 3150 644 3236 {canc
672 3149 1066 3226 antiphonam.

380 3247 811 3330 Un‘guentum
858 3245 928 3306 in
973 3245 1191 3329 capite
1237 3244 1411 3328 quod
1464 3232 1811 3310 descendit
1862 3244 1931 3307 in
1984 3247 2282 3323 barbam,
2327 3248 2603 3311 barbam

285 3352 538 3423 Aaron,
584 3347 759 3431 quod
812 3347 1156 3411 descendit
1207 3346 1276 3409 in
1320 3368 1502 3411 oram
1556 3347 1940 3412 vestimenti
1994 3349 2164 3431 ejus.
2254 3351 2605 3414 Mandavit
2665 3410 2670 3416 .

287 3452 614 3516 Dominus
646 3450 1174 3514 benedictionem
1207 3450 1275 3513 in
1309 3450 1642 3513 saeculum.

375 3556 501 3617 Pe.
590 3553 759 3616 Ecce
791 3574 990 3636 quam
1024 3554 1265 3617 bonum
1298 3559 1367 3615 et
1398 3573 1596 3635 quam
1621 3552 1990 3635 jucundum
2021 3552 2328 3616 habitare
2358 3553 2605 3619 fratres

287 3679 357 3720 m
389 3673 614 3719 Ullum·

366 3759 504 3816 Post
543 3777 994 3833 unumquemque
1032 3776 1252 3814 versum
1294 3754 1529 3813 Psalmi
1568 3763 1781 3833 repetat
1820 3758 2192 3815 communiter
2231 3758 2408 3817 clerus
2450 3761 2604 3818 anti-

278 3854 536 3932 phonam
553 3874 577 3924 ;
616 3852 1082 3928 metropolitanus
1108 3852 1268 3909 dicat
1296 3852 1446 3928 quod
1472 3852 1727 3928 sequitur
1752 3852 1914 3909 modo
1937 3852 2316 3929 praefationis.

374 3935 553 4026 Hoc,
593 3948 896 4023 Domine,
944 3948 1209 4031 copiose
1265 3949 1335 4010 in
1388 3948 1533 4029 ejus
1588 3953 1792 4031 caput
1843 3949 2112 4026 influat;
2162 3950 2286 4013 hoc
2339 3951 2411 4014 in
2465 3951 2603 4016 oris

271 4052 435 4135 ejus
484 4050 789 4133 subjecta
831 4050 1181 4126 decurrat3
1227 4051 1354 4114 hoc
1406 4050 1479 4113 in
1522 4050 1736 4115 totius
1790 4051 2087 4136 corporis
2133 4057 2437 4117 extrema
2489 4054 2602 4117 de-

282 4155 580 4228 scendat,
628 4159 704 4218 ut
756 4153 858 4218 tui
906 4153 1196 4238 Spiritus
1252 4153 1468 4217 virtus
1521 4157 1587 4216 et
1636 4152 1963 4219 interiora
2014 4155 2163 4238 ejus
2214 4155 2478 4240 repleat
2530 4161 2601 4221 et

460 4258 586 4320 28*
