3117 5025
935 387 1039 450 De
1079 386 1457 455 Ordinibus
1494 390 1960 474 Conferendis.
2478 384 2608 451 319

708 783 1043 850 ORATIO
1090 784 1192 849 IN
1237 782 1755 849 ELECTIONE
1798 783 2222 851 EPISCOPI.

266 1034 309 1061 „
410 983 714 1062 Oremus‚
739 986 1011 1063 fratres,
1038 991 1116 1050 ut
1146 985 1332 1050 Deus
1353 990 1423 1050 et
1453 985 1783 1050 Dominus
1807 992 2040 1051 noster
2063 988 2105 1053 J
2110 1008 2268 1052 esus
2293 988 2606 1053 Christus

276 1136 319 1163 „
354 1108 478 1152 nos
533 1094 601 1152 et
658 1089 948 1154 electum
990 1093 1297 1153 nostrum
1343 1089 1570 1173 gratia
1619 1089 1918 1174 Spiritus
1975 1089 2204 1155 Sancti
2261 1090 2610 1156 illustrare

279 1238 321 1265 ‚,
358 1189 699 1274 dignetur.
793 1190 926 1276 Qui
957 1191 1128 1255 vivit
1158 1196 1229 1257 et
1256 1196 1525 1276 regnat.

1088 1293 1439 1350 Admonitio
1466 1293 1766 1371 Episcopi.

275 1437 317 1463 „
414 1389 573 1453 Haec
621 1389 916 1454 sollicita
957 1393 1180 1452 mente
1227 1395 1297 1452 et
1340 1387 1564 1452 studio
1611 1388 1929 1474 vigilanti
1974 1409 2323 1466 conserva,
2373 1394 2441 1455 et
2480 1391 2604 1454 tibi

275 1539 317 1568 „
353 1491 727 1555 commissis
760 1497 922 1556 nota
943 1491 1166 1556 facere
1201 1511 1381 1565 cura,
1409 1495 1486 1555 ut
1516 1492 1869 1556 unanimes
1893 1513 2025 1555 uno
2058 1512 2174 1555 ore
2200 1492 2604 1558 collaudetis

281 1639 323 1669 „
357 1592 569 1657 Deum
602 1594 685 1658 de
733 1595 876 1659 suis
909 1616 1074 1679 erga
1107 1615 1228 1658 vos
1260 1594 1606 1658 beneficiis
1652 1595 2073 1671 exhibendis,
2105 1596 2213 1660 cui
2245 1601 2353 1660 est
2395 1597 2611 1661 honor

285 1743 327 1770 ,‚
361 1703 430 1760 et
458 1695 684 1782 gloria
712 1719 832 1782 per
864 1697 1108 1761 omnia.

1040 1798 1242 1858 Oratio
1263 1807 1391 1877 post
1419 1797 1854 1875 P2·qfessionem.

284 1942 322 1969 „
418 1894 679 1958 Memor
726 1897 823 1958 sis
872 1893 1257 1979 sponsionis
1302 1898 1375 1957 et
1428 1893 1974 1979 desponsationis
2021 1893 2501 1960 ecclesiasticae
2549 1905 2618 1961 et

283 2046 324 2073 „
355 1996 737 2062 dilectionis
791 1997 1061 2062 Domini
1117 1996 1245 2061 Dei
1293 1996 1394 2060 tui
1440 1996 1508 2058 in
1565 1997 1671 2059 die
1729 2019 1867 2080 qua
1913 2004 2272 2062 assecutus
2319 2019 2393 2062 es
2439 2000 2618 2064 hunc

286 2153 327 2180 ,‚
360 2104 709 2169 honorem.
800 2104 978 2171 Cave
1011 2127 1096 2169 ne
1130 2103 1558 2168 obliviscaris
1591 2103 1799 2167 illius.

289 2269 297 2276 ,
1060 2208 1182 2266 Hic
1208 2208 1435 2265 ola-nolus
1463 2214 1540 2266 est
1570 2207 1837 2264 annulus.
2205 2267 2224 2271 ,Δ

282 2353 320 2379 ,,
413 2303 664 2388 Accipe
697 2325 858 2389 ergo
884 2303 1209 2368 annulum
1243 2302 1673 2367 discretionis
1707 2310 1776 2367 et
1807 2304 2104 2380 honoris,
2129 2302 2287 2367 fidei
2319 2303 2609 2388 signum,

288 2455 327 2483 „
361 2412 440 2471 ut
471 2428 616 2491 quae
652 2406 983 2493 signanda
1013 2412 1174 2471 sunt
1206 2407 1436 2492 signes
1469 2410 1539 2469 et
1570 2427 1711 2490 quae
1759 2406 2125 2490 aperienda
2157 2412 2317 2470 sunt
2346 2407 2615 2493 prodas,

286 2561 325 2588 „
357 2533 502 2596 quae
554 2510 832 2597 liganda
887 2516 1051 2577 sunt
1101 2510 1297 2597 liges,
1345 2532 1483 2593 quae
1531 2509 1857 2576 solvenda
1899 2518 2060 2576 sunt
2113 2509 2360 2590 solvas,
2409 2518 2613 2598 atque

288 2663 327 2691 ,‚
360 2615 793 2679 credentibus
838 2636 960 2699 per
1003 2615 1198 2679 fldem
1231 2615 1662 2698 baptismatis
1705 2614 1922 2699 lapsis
1971 2622 2197 2683 autem
2248 2616 2363 2680 sed
2410 2618 2616 2701 poeni-

287 2766 326 2793 „
361 2718 661 2782 tentibus
707 2739 831 2802 per
860 2716 1311 2783 ministerium
1357 2718 1935 2791 reconciliationis
1974 2720 2224 2803 januas
2270 2722 2465 2806 regni
2497 2744 2620 2785 coe·

285 2870 329 2897 ,‚
363 2820 562 2885 lestis
593 2821 888 2907 aperias.
982 2819 1262 2885 Cunctis
1292 2841 1455 2884 vero
1488 2820 1572 2884 de
1604 2821 1931 2885 thesauro
1961 2820 2315 2887 Dominico
2345 2844 2520 2888 nova
2551 2833 2619 2890 et

282 2972 322 2999 „
358 2928 594 2988 vetera
652 2924 961 3007 proferas
1023 2922 1110 2986 ad
1170 2927 1486 2987 aeternam
1550 2922 1863 3001 salutem,
1927 2925 2237 2990 omnibus
2298 2926 2611 2991 consulas

288 3075 326 3102 „
360 3026 590 3112 gratia
622 3026 897 3091 Domini
929 3026 1146 3090 nostri
1178 3026 1221 3090 J
1225 3046 1350 3089 esu
1383 3025 1663 3102 Christi,
1698 3026 1807 3091 cui
1837 3049 1988 3092 cum
2018 3028 2223 3093 Patre
2257 3040 2326 3093 et
2359 3029 2616 3115 Spiritu

285 3180 323 3207 „
363 3134 612 3196 Sancto
643 3138 751 3197 est
780 3133 995 3197 honor
1025 3137 1095 3196 et
1123 3131 1344 3216 gloria
1376 3132 1443 3195 in
1476 3132 1721 3198 saecula
1754 3134 2171 3198 saeculorum.

383 3216 387 3220 ι
1069 3235 1193 3295 Hic
1219 3237 1447 3295 dandus
1474 3247 1552 3296 est
1581 3240 1828 3297 baculus.

276 3383 319 3410 „
413 3335 660 3418 Accipe
685 3333 1021 3409 baculum,
1050 3332 1224 3397 sacri
1257 3329 1611 3417 regiminis
1638 3336 1928 3418 signum,
1954 3340 2031 3399 ut
2059 3335 2428 3403 imbecilles
2457 3362 2614 3404 con-

271 3483 330 3510 .„
365 3434 634 3511 solides,
667 3436 1045 3501 titubantes
1077 3433 1451 3511 confirmes,
1476 3457 1724 3519 pravos
1756 3437 2082 3521 corrigas,
2106 3446 2331 3504 rectos
2362 3442 2618 3528 dirigas

287 3586 326 3614 „
362 3537 432 3601 in
498 3538 672 3601 viam
736 3538 983 3602 salutis
1045 3544 1328 3613 aeternae,
1388 3538 1774 3623 habeasque
1841 3546 2248 3623 potestatem
2312 3544 2612 3630 erigendi

295 3688 337 3716 „
371 3640 612 3725 dignos
651 3646 721 3705 et
765 3640 1148 3724 corrigendi
1196 3640 1538 3726 indignos,
1571 3651 2001 3726 co-operante
2047 3642 2335 3709 Domino
2378 3653 2613 3714 nostro

285 3774 330 3819 -„
360 3742 528 3807 Jesu
561 3741 854 3807 ChristO.
946 3742 1071 3827 Qui
1104 3764 1275 3806 cum.

928 3844 1109 3903 Awnc
1136 3846 1520 3904 inchoandum
1549 3855 1626 3905 est
1655 3849 1973 3907 introitum.

294 3990 333 4016 ‚,
424 3938 657 4027 Elegit
697 3946 766 4004 te
813 3931 1143 4005 Dominus
1191 3941 1321 4005 sibi
1353 3942 1773 4009 sacerdotem
1816 3965 2154 4028 magnum,
2187 3950 2257 4009 et
2301 3950 2614 4032 aperiens

295 4091 335 4120 „
366 4044 761 4108 thesaurum
810 4062 1000 4107 suum
1051 4043 1402 4129 optimum,
1436 4045 1780 4111 abundare
1827 4053 1895 4111 te
1940 4047 2150 4113 faciat
2194 4049 2260 4114 in
2311 4052 2617 4119 omnibus

299 4196 338 4224 „
370 4146 583 4211 bonis.

298 4299 338 4328 ‚,
431 4250 547 4314 Pa.
637 4247 978 4312 Exaudiet
1007 4254 1096 4312 te.

303 4391 338 4429 „
429 4353 516 4416 R.
609 4351 850 4420 Mittat
879 4351 1026 4415 tibi.
