3117 5025
695 409 1098 475 Benedictio
1128 410 1341 488 Salio,
1374 414 1619 495 Aquoe,
1658 412 1926 477 Cineris
1957 422 2021 477 et
2066 414 2246 477 Vini.
2507 414 2630 477 195

389 614 843 679 Exercismus
875 637 1096 699 aquoe.

390 717 717 783 Exorcizo
746 724 836 796 te,
869 725 1183 784 creatura
1226 741 1431 804 aquae,
1464 720 1535 784 in
1568 721 1835 785 nomine
1880 721 2007 786 Dei
2054 722 2278 787 Patris
2307 722 2387 803 ›1‹
2420 723 2628 784 omni-

303 822 617 903 potentis,
644 827 715 887 et
741 823 810 886 in
835 823 1101 887 nomine
1128 824 1172 888 J
1176 843 1296 887 esu
1328 822 1578 890 Christi
1611 825 1770 889 Filii
1793 830 1873 911 ›1‹
1899 827 2067 908 ejus,
2093 824 2362 889 Domini
2386 826 2625 901 nostri,

301 924 459 987 etin
479 926 732 990 virtute
757 926 1051 1012 Spiritus
1068 929 1148 1009 »ιε
1172 928 1417 1005 Sancti,
1439 936 1515 992 ut
1534 929 1750 992 omnis
1770 931 1988 992 virtus
2007 927 2397 1009 adversarii,
2410 928 2627 991 omnis

304 1029 597 1091 incursio
620 1029 889 1107 diaboli,
910 1050 1104 1095 omne
1127 1031 1553 1114 phantasma,
1575 1053 1936 1114 omnesque
1961 1032 2211 1095 inimici
2233 1036 2630 1116 potestaten,

302 1132 728 1197 eradicentur
802 1137 873 1197 et
946 1135 1333 1219 effugentur
1397 1135 1483 1198 ab
1557 1135 1684 1198 hac
1759 1141 2068 1199 creatura
2135 1155 2342 1218 aquae.
2432 1133 2625 1197 Unde

301 1236 608 1300 exorcizo
639 1242 731 1314 te,
763 1242 1077 1302 creatura
1104 1258 1311 1321 aquae,
1342 1257 1464 1322 per
1493 1236 1708 1301 Deum
1740 1241 1820 1321 »ιε
1852 1238 2104 1314 vivum,
2136 1258 2258 1323 per
2299 1237 2512 1301 Deum
2544 1236 2624 1316 »ιε

302 1362 556 1417 verum,
609 1363 731 1426 per
789 1341 1007 1408 Deum
1066 1343 1146 1423 »Β
1210 1349 1537 1418 sanctum,
1591 1349 1663 1408 et
1720 1364 1841 1427 per
1900 1341 2261 1406 Dominum
2324 1346 2624 1404 nostrum

300 1444 535 1507 Jesum
584 1444 948 1521 Christum,
979 1450 1058 1510 ut
1101 1444 1412 1509 efficiaris
1442 1465 1621 1529 aqua
1667 1455 1922 1520 sancta,
1953 1466 2130 1529 aqua
2172 1442 2625 1522 beneffldicta,

304 1556 380 1611 ut
422 1547 824 1631 ubicumque
872 1550 1088 1613 effusa
1116 1550 1328 1613 fueris
1374 1548 1481 1612 vel
1528 1569 1825 1634 aspersa,
1861 1550 2001 1613 sive
2031 1549 2100 1612 in
2146 1548 2340 1612 domo
2386 1548 2525 1611 sive
2556 1547 2624 1608 in

302 1672 487 1735 agr0,
557 1652 814 1736 effuges
888 1672 1149 1716 omnem
1218 1652 1670 1736 phantasiam,
1737 1657 1808 1716 et
1881 1673 2144 1716 omnem
2214 1655 2621 1735 potestatem

299 1754 573 1831 inimici,
605 1763 937 1838 quatenus
969 1759 1441 1839 consecfflrata
1473 1776 1652 1838 aqua
1684 1760 1920 1820 sancta
1958 1754 2273 1839 proficias
2312 1754 2399 1818 ad
2442 1753 2626 1817 dedi-

301 1857 631 1920 cationem
666 1857 869 1939 hujus
915 1857 1208 1922 ecclesiae
1241 1860 1312 1921 et
1355 1857 1618 1932 altaris,
1646 1858 1836 1941 (vel)
1866 1856 2247 1933 coemeterii,
2280 1869 2360 1920 ut
2403 1876 2525 1941 per
2554 1862 2622 1919 te

301 1968 371 2024 et
421 1960 945 2025 benedictionem
994 1961 1307 2037 divinam,
1339 1961 1710 2025 auxiliante
1751 1961 2060 2038 Domino,
2095 1961 2236 2025 sive
2281 1981 2404 2046 per
2433 1981 2510 2024 os
2556 1967 2628 2024 et

296 2084 419 2147 per
446 2084 683 2127 manus
715 2069 919 2147 atque
951 2065 1240 2128 officium
1270 2069 1598 2139 nostrum,
1630 2064 1767 2127 haec
1797 2063 2033 2126 domus
2065 2070 2136 2126 et
2165 2062 2405 2138 altare,
2435 2062 2625 2146 (vel)

299 2167 772 2242 coemeterium,
804 2166 930 2230 Dei
962 2166 1177 2230 nostri
1223 2166 1546 2229 divinitus
1578 2187 1700 2250 per
1727 2167 2020 2250 gratiam
2067 2165 2359 2248 Spiritus
2393 2165 2623 2230 Sancti

300 2277 802 2345 consecrentur,
836 2275 905 2332 et
947 2268 1437 2352 perpetualiter
1466 2270 1549 2331 ad
1597 2269 2039 2332 invocandum
2072 2288 2312 2331 nomen
2357 2266 2626 2331 Domini

298 2380 694 2436 consecrata
737 2378 1193 2457 permaneant,
1227 2377 1298 2435 et
1351 2371 1641 2455 Spiritus
1689 2371 1975 2435 Sanctus
2023 2371 2285 2435 habitet
2329 2371 2394 2433 in
2428 2371 2623 2434 domo

296 2475 447 2551 hac,
482 2482 552 2541 et
595 2475 818 2551 altari,
862 2475 1051 2560 (vel)
1096 2476 1491 2549 coemeteriO,
1528 2494 1646 2558 per
1692 2494 1839 2537 eum
1887 2474 2000 2558 qui
2045 2480 2371 2538 venturus
2403 2480 2511 2539 est
2553 2474 2621 2538 in

304 2580 564 2664 Spiritu
629 2580 872 2644 Sancto
926 2579 1229 2662 judicare
1286 2579 1475 2641 vivos
1535 2588 1606 2642 et
1658 2587 1961 2641 mortuos
2015 2583 2084 2641 et
2138 2578 2448 2641 saeeulum
2504 2599 2626 2662 per

301 2683 550 2768 ignem.

392 2786 698 2850 Oremus.

389 2888 598 2965 Deus,
652 2890 764 2973 qui
824 2889 909 2953 ad
972 2887 1261 2952 salutem
1321 2886 1600 2950 humani
1659 2886 1949 2971 generis,
2003 2886 2297 2950 maxima
2350 2907 2625 2970 quaeque

304 3002 730 3059 sacramenta
760 2995 828 3056 in
861 3013 1188 3077 aquarum
1215 2991 1600 3056 substantia
1626 2989 2006 3067 condidisti,
2030 2991 2266 3056 adesto
2297 2992 2633 3076 propitius

304 3099 846 3165 invocationibus
901 3098 1177 3174 nostris,
1223 3101 1296 3161 et
1346 3095 1678 3159 elemento
1731 3095 1889 3159 huic
1940 3095 2355 3160 multimodis
2406 3097 2634 3181 purifi-

304 3204 687 3271 cationibus
733 3208 1130 3287 praeparatO,
1163 3201 1483 3264 virtutem
1529 3203 1662 3263 tuae
1692 3198 2177 3263 benedictionis
2216 3199 2515 3275 infunde,
2548 3205 2628 3262 ut

306 3311 622 3371 creatura
649 3311 771 3368 tua
799 3302 1143 3387 mysteriis
1184 3301 1324 3364 tuis
1370 3299 1691 3375 serviens,
1724 3298 1808 3362 ad
1854 3297 2269 3381 abjiciendos
2297 3297 2629 3361 daemones

303 3410 704 3492 morbosque
748 3404 1099 3491 pellendos
1144 3404 1381 3468 divinae
1426 3404 1663 3487 gratiae
1696 3407 1920 3465 sumat
1963 3402 2295 3476 effectum,
2327 3404 2405 3463 ut
2449 3400 2631 3483 quic-

306 3515 468 3599 quid
511 3515 581 3577 in
627 3512 935 3576 domibus
982 3508 1091 3573 vel
1137 3509 1205 3571 in
1251 3506 1417 3571 locis
1456 3505 1755 3568 fidelium
1804 3504 1941 3568 haec
1987 3502 2165 3567 unda
2206 3504 2632 3587 resperserit,

308 3624 542 3684 careat
572 3616 750 3680 omni
799 3612 1244 3688 immunditia,
1277 3610 1604 3674 liberetur
1633 3629 1675 3672 a
1716 3628 1934 3671 noxa:
1982 3628 2115 3670 non
2159 3605 2301 3669 illic
2337 3607 2638 3671 resideat

308 3722 590 3808 spiritus
650 3718 999 3805 pestilens,
1052 3735 1185 3778 non
1248 3734 1415 3778 aura
1474 3731 1931 3794 corrumpens,
1993 3709 2345 3773 discedant
2402 3731 2634 3775 omnes

306 3827 569 3892 insidiae
614 3824 895 3889 latentis
940 3821 1217 3897 inimici,
1250 3825 1322 3883 et
1370 3818 1425 3882 si
1474 3816 1635 3901 quid
1667 3820 1776 3880 est
1819 3814 1996 3899 quod
2027 3820 2149 3878 aut
2192 3813 2638 3880 incolumitati

304 3930 761 3996 habitantium
785 3927 1046 3991 invidet
1062 3930 1183 3991 aut
1205 3923 1436 4008 quieti,
1461 3921 1851 4006 aspersione
1877 3920 2080 4003 hujus
2104 3939 2290 4002 aquae
2315 3919 2632 4003 effugiat3

304 4044 383 4103 ut
414 4033 785 4100 salubritas
816 4053 938 4117 per
967 4029 1457 4095 invocationem
1490 4026 1594 4090 tui
1623 4024 1914 4089 nominis
1960 4024 2281 4107 expetita,
2313 4022 2397 4086 ab
2428 4024 2639 4086 omni-

298 4145 427 4208 bus
485 4139 577 4202 sit
627 4134 1253 4220 impugnationibus
1300 4132 1597 4197 defensa.
1687 4129 1817 4192 Per
1869 4126 2213 4192 Christum
2268 4123 2625 4188 Dominum

301 4248 632 4309 nostrum.
725 4244 964 4305 Amen.

474 4345 601 4408 24*
