3117 5025
539 419 667 485 172
1165 426 1604 494 consecratio
1634 422 2231 497 Sanetimonialie.

531 624 826 707 condita,
870 634 1016 697 tua²
1041 652 1306 719 quoqne
1358 635 1734 721 prudentia
1772 637 2234 722 gubernetur3
2279 647 2430 701 ea'tn
2475 622 2683 721 juxta
2728 634 2864 699 tibi

534 736 929 798 consuetam
972 735 1267 820 gratiam
1296 737 1527 803 unctio
1558 743 1682 804 tua
1728 737 1811 802 de
1856 739 2167 803 omnibus
2206 739 2468 815 doceat,
2499 757 2624 822 per
2651 738 2868 801 interss

536 834 907 900 cessionem
964 837 1150 904 beati
1210 839 1582 917 Benedicti,
1632 859 1830 926 quem
1883 841 2292 925 praecipuum
2343 840 2550 924 hujus
2610 843 2867 906 sanctae

534 935 990 1006 institutionis
1033 941 1318 1007 latorem
1363 942 1651 1019 dedisti3
1696 963 1957 1008 necnon
2001 948 2075 1008 et
2116 942 2404 1008 aliorum
2452 947 2866 1019 sanctorum,

535 1040 623 1105 ad
654 1062 938 1126 quorum
967 1043 1241 1111 nomina
1283 1044 1679 1130 petitionem
1711 1044 1910 1110 facit.
1999 1043 2169 1110 Eam
2215 1065 2259 1110 a
2301 1045 2602 1110 vanitate
2633 1045 2866 1109 saeculi

534 1144 871 1211 veraciter
899 1151 1248 1224 converte3
1294 1151 1367 1212 et
1410 1148 1589 1213 sicut
1618 1168 1692 1212 es
1726 1146 2022 1212 omnium
2066 1151 2492 1231 peccatorum
2523 1147 2862 1225 remissio,

530 1246 989 1333 ‘deprimentes
1045 1250 1418 1337 impietatis
1478 1252 1929 1338 obligationes
1987 1251 2059 1315 in
2118 1272 2202 1317 ea
2257 1250 2577 1329 dissolve,
2639 1256 2711 1317 et
2771 1253 2865 1317 ad

534 1349 1270 1438 observantiam'hujus
1300 1349 1520 1420 sancti
1548 1352 1881 1439 propositi
1913 1353 2019 1418 fac
2049 1370 2200 1417 eam
2230 1353 2542 1420 certatim
2572 1353 2863 1434 fervere,

531 1461 612 1519 ut
640 1452 764 1541 [in]
792 1455 1343 1522 tribulationibus
1362 1461 1433 1522 et
1455 1456 1793 1542 angustiis
1821 1462 1943 1522 tua
1963 1455 2369 1521 indeficienti
2392 1456 2858 1523 consolatione

530 1556 761 1625 valeat
809 1558 1170 1643 respirare,
1213 1564 1286 1625 et
1329 1559 1515 1644 juste
1560 1566 1635 1626 et
1672 1560 1785 1647 pie
1834 1579 1958 1644 per
2003 1579 2232 1625 veram
2280 1558 2737 1625 humilitatem
2787 1567 2864 1625 et

530 1660 979 1727 obedientiam
1030 1663 1103 1726 in
1153 1662 1463 1729 fraterna
1520 1664 1807 1730 caritate
1858 1662 2162 1740 fundata,
2216 1663 2392 1751 quod
2422 1667 2521 1733 ,te
2564 1660 2859 1729 donante

531 1763 871 1849 promittit
896 1764 1079 1830 felici
1123 1767 1636 1851 perseverantia
1664 1760 2023 1851 compleat.
2113 1765 2303 1850 Quod
2347 1766 2493 1851 ipse
2537 1773 2865 1851 praestare

532 1864 856 1950 digneris,
886 1867 1001 1951 qui
1043 1888 1194 1932 cum
1237 1867 1384 1935 Deo
1430 1869 1635 1934 Patre
1683 1872 2050 1953 sanctoque
2093 1867 2447 1953 unigenito
2489 1868 2668 1955 Filiq
2711 1873 2867 1955 ejus

527 1966 819 2034 Domino
842 1974 1075 2035 nostro
1104 1968 1147 2034 J
1152 1990 1274 2036 esu
1297 1969 1572 2036 Christo
1604 1970 1775 2037 vivis
1805 1976 1877 2036 et
1902 1969 2221 2057 gloriaris
2251 1969 2458 2049 Deus,
2483 1987 2607 2056 per
2634 1973 2887 2051 omnia,

531 2072 776 2138 saecula
805 2072 1225 2138 saeculorum.
1312 2073 1552 2138 Amen.

613 2175 775 2234 Time
799 2176 1057 2254 sequitur
1082 2176 1393 2236 benedictio
1417 2175 1742 2247 velaminis,
1772 2175 1876 2235 eie.

626 2269 1039 2357 Suppliciter
1062 2276 1132 2337 te
1160 2292 1503 2358 rogamus,
1533 2270 1844 2348 Domine,
1874 2274 1957 2335 ut
1999 2290 2203 2355 super
2229 2269 2404 2335 hanc
2435 2277 2691 2337 vestem
2735 2278 2871 2338 tuae

531 2375 740 2459 capiti
791 2374 1051 2441 ancillae
1101 2374 1569 2460 imponendam
1620 2373 2081 2463 beneffldictio
2130 2379 2254 2439 tua
2298 2374 2686 2461 benigniter
2735 2377 2853 2441 de-

528 2478 841 2558 scendat3
905 2484 977 2546 et
1030 2479 1121 2559 sit
1181 2477 1395 2546 vestis
1421 2477 1587 2543 ‘haec
1609 2487 1613 2490 ’
1639 2476 2076 2561 beneffldicta
2123 2481 2196 2544 et
2245 2481 2723 2563 consecrafflta
2777 2488 2848 2546 et

524 2582 957 2649 immaculata
986 2589 1055 2648 et
1086 2583 1424 2665 sanctffla.
1514 2581 1648 2647 Per
1676 2579 2042 2645 Christum.
2120 2635 2125 2642 .
2794 2649 2805 2654 ,

603 2685 834 2744 Deinde
868 2685 1125 2745 velamen
1160 2686 1231 2745 de
1269 2685 1537 2746 manibus
1575 2683 1829 2763 episcopi
1866 2682 2141 2761 accipiat,
2186 2690 2239 2741 et
2266 2690 2454 2761 ponat
2491 2685 2680 2762 capiti
2714 2706 2835 2758 suo,

521 2780 737 2840 dicente
763 2779 1033 2859 episcopo.
1076 2785 1080 2792 '

604 2859 870 2961 Accipe,
902 2875 1169 2952 ancilla,
1200 2874 1527 2953 velamen,
1558 2872 1900 2946 castitatis
1931 2877 2002 2938 et
2045 2872 2472 2944 continentiae
2500 2873 2838 2955 indicium}

517 3001 641 3065 per
682 2978 860 3064 quod
912 2977 1205 3062 Spiritus
1256 2976 1689 3062 superveniat
1730 2976 1799 3039 in
1845 2981 1939 3052 te,
1960 2979 2055 3041 et
2105 2976 2322 3041 virtus
2363 2976 2703 3043 Altissimi
2748 2980 2839 3045 sit

518 3084 645 3149 tibi
675 3081 1141 3146 umbraculum
1182 3086 1419 3147 contra
1453 3085 1691 3145 oestum
1734 3078 2064 3144 malarum
2111 3079 2590 3164 cogitationum
2616 3104 2645 3158 J
2679 3102 2841 3167 prae-

522 3190 747 3253 stante
778 3184 1010 3250 eodem
1042 3184 1329 3249 Domino
1357 3187 1593 3248 nostro
1636 3181 1680 3247 J
1683 3202 1805 3247 esu
1836 3180 2129 3257 Christo,
2161 3179 2276 3265 qui
2306 3181 2477 3247 vivit
2504 3187 2574 3247 et
2601 3192 2843 3269 regnat

515 3313 666 3359 cum
693 3290 837 3356 Deo
867 3288 1117 3354 Patre
1099 3309 1170 3352 1n
1203 3287 1464 3352 unitate
1498 3284 1791 3370 Spiritus
1824 3283 2053 3349 Sancti
2084 3282 2293 3360 Deus,
2323 3304 2463 3370 per.

533 3407 538 3410 *
601 3386 764 3455 Tunc
791 3392 976 3469 eriqat
999 3412 1054 3450 se
1093 3405 1133 3449 a
1158 3398 1311 3449 terra
1335 3385 1819 3457 sanctimonialis,
1852 3386 2187 3464 accedatque
2214 3386 2313 3444 ad·
2332 3386 2675 3466 episcopum,
2713 3384 2826 3466 [et]

519 3491 776 3553 attrahat
802 3488 1091 3567 episcopus
1118 3486 1372 3545 velamen
1396 3504 1568 3562 super
1593 3482 1778 3540 oculos
1803 3481 1941 3558 ejus.
2039 3525 2048 3535 .

604 3587 938 3670 Sequitur
972 3581 1353 3647 benedictio
1383 3579 1634 3644 annuli
1664 3598 1815 3644 eum
1914 3627 1917 3630 .

602 3688 930 3756 Dominus
959 3685 1326 3751 vobiscum.

603 3795 909 3860 Oremus.

512 3919 518 3924 ·
609 3898 877 3964 oratio.
966 3890 1277 3965 Benedic,
1309 3889 1616 3967 Domine,
1646 3888 1824 3951 hunc
1868 3885 2187 3952 annulum
2222 3905 2420 3970 quem
2465 3904 2589 3949 nos
2618 3884 2688 3950 in
2717 3893 2834 3951 tuo

514 4004 748 4068 sancto
792 3995 1063 4062 nomine
1095 3990 1666 4072 beneffldicimus,
1698 3998 1775 4056 ut
1818 3989 2196 4074 quicunque
2240 4009 2393 4052 enm
2437 3988 2833 4071 portaverit,

512 4106 929 4187 intua-pace
957 4096 1309 4173 consistat,
1343 4099 1413 4160 et
1457 4094 1525 4157 in
1559 4099 1683 4159 tua
1722 4093 2072 4160 voluntate
2102 4094 2471 4166 remaneat,
2504 4094 2575 4154 et
2604 4090 2672 4152 in
2717 4094 2833 4154 tuo

510 4226 736 4275 amore
762 4204 965 4277 vivat,
985 4203 1266 4275 crescat,
1287 4201 1358 4263 et
1381 4200 1710 4274 senescat,
1732 4200 1800 4261 et
1818 4193 2306 4281 multiplicetur
2323 4193 2393 4256 in
2417 4191 2830 4279 longitndine

509 4314 787 4378 dierum.
875 4306 1007 4371 Per
1037 4302 1379 4368 Christum
1412 4299 1793 4365 Dominum.
