3117 5025
532 365 661 431 124
1127 374 1531 441 Benedictio
1568 376 1832 460 lapidis
1850 379 2260 462 portabilis.

610 655 896 716 Praedicto
923 660 1088 718 modo
1114 664 1418 723 secundum
1443 667 1717 743 quosdam
1742 668 2083 727 dedicantur
2109 667 2193 725 vel
2232 665 2633 726 benedicuntur
2656 687 2850 748 super-

529 751 766 823 altaria,
823 773 930 829 quo
983 764 1034 813 et
1087 756 1306 815 altaria
1359 761 1602 836 majora.
1686 762 1957 821 Facilius
2011 770 2199 820 tamen
2251 768 2434 840 potest
2472 762 2609 838 fieri
2662 761 2851 819 ‘modis

528 847 896 924 sequentibus,
928 849 1043 907 sive
1070 871 1221 910 more
1251 852 1608 915 Gallicorum
1635 858 1719 915 vel
1754 857 2159 916 Romanorum.

876 1146 1092 1229 [BEN
1096 1149 1464 1219 EDIGTIO
1507 1154 1871 1222 LAPIDIS
1916 1154 2496 1240 PORTABILIS.]

603 1347 936 1410 Benedictio
965 1351 1184 1431 lapidis
1201 1356 1508 1434 portabilis
1533 1358 1651 1417 sive
1679 1358 1897 1437 lapidis
1923 1359 2242 1432 itinerarii,
2272 1379 2397 1436 quae
2412 1365 2594 1437 potest
2607 1357 2751 1434 fieri
2775 1357 2849 1415 ab

528 1442 781 1522 episcopo
797 1454 929 1522 post
954 1449 1188 1508 missam
1213 1450 1427 1511 dictam
1453 1453 1541 1511 vel
1566 1453 1850 1511 auditam.

605 1537 828 1611 Prinne,
870 1541 925 1597 si
956 1541 1163 1620 placet,
1206 1544 1437 1606 dicatur
1483 1547 1712 1605 litania.
1800 1547 1885 1605 Et
1933 1555 2063 1605 ante
2102 1548 2299 1606 omnia
2330 1555 2732 1626 proeparentur
2779 1566 2848 1605 ea

524 1641 797 1783 unoelsunt
823 1638 1158 1710 necessaria,
1179 1647 1241 1698 ut
1260 1649 1418 1718 patet
1446 1662 1625 1721 supra
1650 1643 1717 1702 in
1744 1642 2174 1702 Consecratione
2202 1642 2434 1702 Altaria
2455 1642 2704 1720 Majoris
2723 1642 2849 1699 eine

590 1746 647 1783 cc
670 1746 807 1788 esia.

609 1819 815 1879 Postea
842 1823 1129 1902 episcopus
1155 1826 1313 1886 dicat
1340 1837 1439 1900 ter,

618 1912 805 1980 Deus
835 1917 904 1981 in
935 1919 1367 2004 adjutorium.

530 2022 612 2071 ter
638 2036 784 2091 qenu
797 2019 967 2094 flexo.
1051 2021 1135 2079 Et
1163 2024 1365 2083 ultimo
1395 2024 1603 2085 Gloria
1629 2025 1788 2085 Patri
1818 2026 1939 2083 sine
1968 2025 2264 2104 Alleluya.

619 2111 1064 2181 Emorcismus
1096 2119 1290 2182 salis.

617 2212 937 2280 Exorcizo
969 2224 1056 2295 te,
1084 2226 1395 2285 creatura
1426 2221 1613 2298 salis,
1636 2222 1707 2285 in
1738 2221 2004 2284 nomine
2033 2222 2306 2286 Domini
2340 2221 2552 2285 nostri
2582 2219 2656 2294 *1⁴
2683 2221 2726 2287 J
2729 2243 2855 2285 esu

537 2310 810 2393 Christi,
866 2321 978 2403 qui
1032 2322 1355 2405 apostolis
1411 2324 1551 2386 suis
1604 2325 1722 2400 ait,
1775 2323 1919 2387 Vos
1972 2325 2137 2388 estis
2192 2323 2292 2388 sal
2346 2330 2563 2400 terrae,
2616 2332 2684 2387 et
2731 2345 2855 2408 per

532 2419 911 2499 apostolum
955 2423 1138 2500 dicit,
1183 2424 1284 2489 Sit
1329 2447 1444 2490 eor
1488 2432 1787 2490 vestrum
1835 2425 1976 2489 sale
2027 2426 2384 2502 conditum,
2431 2435 2510 2490 ut
2545 2425 2857 2510 sancti&

531 2518 749 2585 fieeris
795 2524 881 2588 ad
930 2530 1499 2593 consecrationem
1544 2531 1746 2613 hujus
1790 2530 2035 2594 tabulae
2082 2535 2152 2593 et
2195 2529 2398 2612 hujus
2452 2528 2717 2614 lapidis,
2766 2530 2857 2593 ad

530 2623 960 2707 expellendas
992 2651 1222 2696 omnes
1252 2632 1620 2695 daemonum
1653 2633 2153 2717 temptationes,
2185 2638 2255 2696 et
2285 2633 2591 2696 omnibus
2620 2633 2736 2717 qui
2766 2654 2854 2696 ex

531 2729 600 2787 te
647 2732 1074 2814 sumpserint,
1108 2734 1202 2797 sis
1243 2736 1539 2818 corporis
1585 2743 1656 2800 et
1699 2736 1933 2800 animae
1978 2741 2447 2812 tutamentum,
2480 2737 2737 2800 sanitas
2780 2743 2859 2800 et

529 2834 854 2912 protectio
900 2841 969 2900 et
1013 2838 1427 2903 confirmatio
1482 2840 1745 2904 salutis.
1833 2842 1963 2906 Per
2008 2862 2159 2904 eum
2209 2841 2322 2924 qui
2372 2847 2697 2906 venturus
2743 2849 2857 2906 est

519 2932 823 3013 judicare
853 2939 1042 3003 vivos
1073 2947 1145 3005 et
1172 2950 1471 3006 mortuos
1504 2949 1576 3007 et
1607 2944 1915 3008 saeculum
1948 2964 2068 3029 per
2097 2945 2339 3029 ignem.
2430 2947 2667 3008 Amen.

612 3037 1015 3105 Benedictio
1045 3043 1244 3107 salis.

611 3137 898 3205 Domine
944 3151 1195 3221 sancte,
1241 3146 1445 3209 Pater
1489 3148 1932 3232 omnipotens,
1964 3155 2208 3213 aeterne
2252 3149 2458 3225 Deus,
2489 3145 2850 3224 beneffldie

517 3242 691 3307 hane
723 3251 1099 3312 creaturam
1132 3248 1295 3311 salis
1325 3249 1410 3312 ad
1441 3250 1870 3334 effugandum
1902 3251 2260 3335 inimicum,
2294 3256 2361 3315 et
2394 3251 2732 3316 salubrem
2777 3253 2846 3316 ei

523 3348 914 3413 medicinam
967 3351 1272 3427 immitte,
1319 3357 1395 3415 ut
1439 3352 1522 3415 ad
1569 3353 1802 3417 animae
1847 3359 1918 3417 et
1968 3354 2266 3436 corporis
2314 3375 2384 3417 se
2433 3353 2845 3418 sument-ium

521 3453 823 3536 proficiat
854 3454 1234 3519 sanitatem.
1325 3454 1454 3516 Per
1481 3453 1837 3517 Dominum
1871 3463 2195 3519 nostrum.

612 3560 940 3640 Sequitur
969 3561 1385 3621 eoeorcismus
1416 3577 1635 3639 aquae.

612 3662 933 3726 Exorcizo
985 3666 1076 3736 te,
1129 3668 1439 3724 ereatura
1490 3683 1695 3745 aquae,
1750 3661 1818 3722 in
1877 3662 2140 3724 nomine
2192 3659 2321 3724 Dei
2369 3659 2446 3734 ’Β
2495 3660 2721 3725 Patris
2771 3668 2848 3725 et

525 3764 683 3829 Filii
709 3763 784 3837 ᾧ
812 3769 883 3827 et
929 3763 1217 3846 Spiritus
1246 3761 1320 3833 *1⁴
1351 3763 1600 3839 Sancti,
1631 3769 1707 3827 ut
1751 3763 2040 3848 repellas
2083 3762 2423 3827 diabolum
2469 3784 2513 3826 a
2555 3763 2846 3828 termino

520 3873 881 3955 justorum,
914 3889 995 3930 ne
1045 3869 1137 3933 sit
1180 3868 1248 3930 in
1294 3869 1705 3932 umbraculis
1749 3870 1952 3952 hujus
1997 3869 2242 3933 tabulae
2286 3867 2395 3931 vel
2440 3867 2727 3953 lapidis3
2776 3874 2852 3934 et

528 3981 627 4048 tu,
658 3972 940 4035 Domine
971 3971 1013 4033 J
1018 3991 1137 4033 esu
1183 3969 1470 4047 Christe,
1503 3971 1775 4035 infunde
1824 3972 2141 4056 Spiritum
2193 3970 2508 4034 Sanctum
2538 3982 2731 4033 tuum
2776 3971 2849 4035 in

526 4078 697 4141 hanc
728 4073 1028 4139 tabulam
1060 4073 1412 4157 lapideam,
1444 4080 1523 4138 ut
1550 4074 1856 4158 proficiat
1889 4074 2165 4139 sanitati
2211 4093 2560 4158 corporum
2590 4074 2849 4138 anima-

514 4200 793 4263 rumque
814 4164 1235 4242 adorantium
1260 4182 1351 4252 te,
1372 4183 1442 4241 et
1459 4176 1925 4261 magnificetur
1940 4198 2179 4241 nomen
2197 4182 2388 4240 tuum
2409 4176 2479 4238 in
2503 4176 2845 4260 gentibus,

524 4292 594 4351 et
637 4280 961 4348 increduli
1002 4280 1198 4344 corde
1246 4287 1725 4344 convertantur
1770 4280 1852 4345 ad
1887 4287 1977 4357 te,
2011 4287 2080 4345 et
2124 4301 2255 4344 non
2303 4279 2600 4342 habeant
2644 4277 2857 4342 alium
