3117 5025
503 411 632 475 346
1250 409 1759 476 Reconciliatio
1791 411 2070 476 altaris.

504 789 1213 857 REOONOILIATIO
1243 792 1629 857 ALTARIS
1674 793 1833 858 UBI
1874 790 2457 857 HOMICIDIUM
2503 791 2818 857 PERPE-

1261 896 1645 962 TRATUM
1692 896 2053 961 FUERIT.

595 1082 810 1148 Deum
855 1083 1264 1150 indultorem
1314 1084 1686 1162 criminum,
1734 1085 1947 1151 Deum
1996 1084 2290 1150 sordium
2335 1084 2824 1160 mundatorem,

511 1189 729 1255 Deum
762 1188 877 1273 qui
905 1188 1225 1252 mundum
1258 1188 1701 1274 originalibus
1743 1190 2038 1274 peccatis
2071 1189 2462 1273 depressum
2494 1188 2824 1252 adventus

509 1292 613 1357 sui
643 1291 865 1356 nitore
896 1291 1297 1376 purificavit,
1330 1292 1580 1356 fratres
1612 1292 1966 1367 carissimi,
2003 1291 2341 1376 supplices
2372 1291 2826 1376 deprecemur,

499 1403 577 1461 ut
595 1401 833 1460 contra
855 1394 1104 1460 diaboli
1136 1395 1431 1459 furentis
1463 1395 1747 1460 insidias
1772 1396 1970 1461 fortis
1994 1396 2187 1460 nobis
2211 1415 2438 1480 pugna
2462 1394 2824 1469 consistat3

512 1509 583 1565 et
626 1500 684 1565 si
729 1499 890 1584 quid
920 1499 1069 1582 ejus
1101 1498 1281 1563 vires
1327 1503 1397 1563 et
1442 1500 1852 1565 calliditates
1896 1499 2250 1564 cotidianis
2282 1497 2829 1562 infestationibus

507 1605 578 1668 in
640 1603 836 1667 nobis
895 1601 1301 1667 maculatum
1368 1610 1840 1688 corruptumve
1899 1603 2127 1679 fuerit,
2191 1602 2517 1666 efficiatur
2576 1600 2833 1665 coelesti

504 1706 941 1770 miseratione
1018 1711 1380 1790 purgatum
1457 1706 1634 1790 quod
1696 1704 1922 1771 fuerat
1983 1706 2197 1791 ipsius
2272 1703 2523 1769 diaboli
2592 1703 2828 1768 fraude

500 1810 871 1896 pollutum3
920 1809 1079 1892 quia
1112 1809 1286 1873 sicut
1306 1809 1490 1873 illius
1515 1816 1622 1875 est
1642 1809 1928 1874 solidum
1951 1810 2455 1894 perfectumque
2481 1829 2826 1892 quassare,

501 1914 601 1977 ita
623 1912 919 1977 auctoris
939 1912 1153 1976 nostri
1178 1917 1285 1976 est
1306 1911 1499 1998 lapsa
1521 1913 1905 1988 restituere,
1928 1913 2236 1978 nutantia
2259 1910 2587 1976 stabilire.
2678 1911 2824 1975 Per.

587 2017 762 2074 Alia.

587 2110 797 2187 Deus,
831 2110 1026 2192 cujus
1057 2110 1329 2175 bonitas
1362 2115 1434 2172 et
1463 2110 1923 2174 misericordia
1965 2132 2101 2174 non
2133 2111 2374 2175 habuit
2404 2111 2828 2196 principium,

500 2217 602 2281 ita
633 2235 896 2299 quoque
945 2235 1078 2277 non
1111 2215 1322 2279 habet
1365 2214 1607 2289 finem3
1657 2215 1771 2297 qui
1819 2214 2077 2297 pietate
2124 2218 2246 2277 tua
2292 2213 2492 2298 eligis
2523 2215 2591 2278 in
2635 2216 2828 2279 nobis

501 2320 723 2404 magis
770 2319 1136 2383 restituere
1185 2317 1457 2403 perdita
1500 2338 1703 2400 quam
1755 2323 2113 2402 percutere
2166 2318 2514 2401 peritura;
2563 2319 2622 2382 si
2669 2319 2828 2403 quid

504 2423 709 2486 etiam
771 2420 1193 2506 negligentia
1254 2419 1521 2504 polluit,
1586 2426 1708 2484 aut
1767 2422 1870 2484 ira
1932 2420 2289 2496 commisit,
2351 2426 2472 2485 aut
2533 2422 2829 2486 ebrietas

501 2526 904 2600 stimulavit,
930 2532 1051 2590 aut
1082 2524 1291 2589 libido
1326 2524 1685 2608 subripuit,
1713 2526 2033 2601 sustines,
2059 2530 2137 2589 ut
2166 2530 2324 2589 ante
2356 2526 2674 2610 purifices
2706 2549 2829 2611 per

497 2631 814 2717 gratiam,
841 2650 1043 2712 quam
1077 2628 1421 2712 percutias
1452 2647 1576 2711 per
1604 2628 1941 2704 furorem3
1988 2649 2072 2691 ne
2106 2629 2330 2713 operis
2362 2629 2465 2692 tui
2497 2630 2825 2715 prodigus

498 2734 760 2818 plastes
807 2732 1124 2807 videaris,
1168 2731 1368 2815 eligis
1412 2731 1640 2814 potius
1688 2732 1950 2816 erigere
1991 2732 2295 2815 jacentia
2339 2753 2536 2815 quam
2585 2734 2826 2818 punire

499 2837 915 2912 damnanda;
966 2841 1034 2900 te
1092 2835 1431 2920 supplices
1492 2835 1956 2918 deprecamur,
2008 2843 2087 2900 ut
2138 2835 2341 2919 hujus
2403 2838 2829 2902 tabernaculi

498 2939 934 3025 receptacula
958 2938 1272 3022 placatus
1296 2937 1612 3022 accipias,
1639 2943 1707 3001 et
1739 2937 1957 3001 altare
1981 2942 2194 3014 tuum,
2222 2939 2395 3022 quod
2422 2939 2827 3006 insectantis

497 3049 605 3108 est
646 3042 901 3106 inimici
947 3041 1185 3105 fraude
1234 3040 1595 3124 pollutum,
1626 3062 1750 3126 per
1795 3041 2199 3105 infusionem
2246 3043 2483 3127 gratiae
2532 3044 2824 3109 coelestis

495 3147 835 3232 purifices,
868 3144 1430 3230 purificatumque
1463 3144 1841 3229 possideas,
1873 3165 1951 3209 ac
1987 3145 2082 3208 sic
2113 3145 2179 3208 in
2222 3154 2568 3229 posterum
2602 3149 2822 3212 omnis

496 3250 803 3335 nequitia
850 3248 1181 3334 spiritalis
1237 3246 1653 3324 eliminetur,
1701 3249 2316 3333 exstinguaturque
2364 3252 2628 3335 antiqui
2683 3273 2822 3316 ser-

499 3355 728 3441 pentis
762 3352 1035 3428 invidia,
1071 3356 1145 3416 ut
1191 3374 1341 3416 cum
1370 3351 1726 3416 fraudibus
1775 3352 1919 3416 suis
1952 3351 2204 3415 diaboli
2251 3360 2478 3418 turma
2508 3354 2825 3438 pellat-ur.

502 3460 765 3523 Efferat
810 3477 1033 3521 secum
1080 3456 1408 3519 maculam
1456 3475 1659 3539 quam
1704 3453 2015 3539 ingessit,
2049 3460 2119 3518 et
2163 3456 2571 3538 perennibus
2613 3478 2825 3542 quan-

500 3564 716 3647 doque
765 3560 1116 3646 suppliciis
1162 3560 1611 3644 deputandus,
1659 3580 1934 3644 operum
1981 3579 2257 3622 suorum
2301 3561 2561 3625 semina
2602 3583 2827 3627 secum

504 3665 785 3751 colligat
830 3664 1154 3750 peritura.
1246 3661 1444 3726 Nihil
1494 3662 1923 3747 postmodum
1972 3667 2209 3726 noceat
2250 3665 2577 3748 praeteriti
2625 3666 2826 3752 culpa

498 3770 844 3854 contagii3
905 3768 1075 3831 nihil
1133 3767 1226 3832 sit
1280 3768 1459 3850 quod
1510 3770 1786 3831 maneat
1837 3767 2092 3831 inimici
2153 3769 2391 3832 fraude
2445 3770 2830 3855 pollutum;

502 3871 1047 3957 quandoquidem
1070 3892 1193 3957 per
1218 3871 1512 3953 Spiritus
1538 3876 1646 3934 est
1668 3871 2076 3935 infusionem
2108 3878 2494 3957 purgatum,
2515 3883 2828 3961 resurgat

506 3974 804 4040 ecclesiae
837 3979 967 4039 tuae
1000 3995 1174 4057 pura
1200 3974 1644 4057 simplicitas3
1695 3979 1765 4038 et
1795 3974 2044 4038 candor
2064 3975 2481 4054 innocentiae,
2502 3978 2832 4044 hactenus

504 4077 867 4153 maculata,
922 4077 1078 4140 dum
1131 4078 1375 4162 recipit
1426 4077 1742 4162 gratiam,
1797 4083 2184 4142 revertatur
2236 4079 2322 4143 ad
2374 4080 2706 4165 gloriam3
2754 4092 2834 4148 ut

507 4182 908 4268 populorum
969 4181 1109 4245 ista
1167 4182 1374 4245 turba
1434 4181 1863 4257 conveniens,
1921 4182 2077 4245 dum
2132 4184 2496 4266 petitiones
2556 4186 2828 4271 ingerit,

507 4295 822 4355 votorum
859 4286 1115 4351 sentiat
1147 4287 1520 4351 obtinuisse
1556 4287 1903 4370 suffragia.
1995 4287 2142 4350 Per.
