3117 5025
1046 362 1412 426 Ordinatio
1443 351 1908 423 Sacerdotum.
2543 347 2635 409 43

802 680 925 745 DE
970 679 1661 747 OELEBRATIONE
1706 675 2155 744 ORDINUM.

404 883 495 942 De
518 882 878 943 celebratione
904 885 1174 943 ordinum
1202 892 1418 962 quartae
1443 882 1769 961 septimanae
1797 878 2275 955 Quadraqesimae.

432 978 505 1038 Si
562 980 850 1057 episcopus
910 980 1133 1039 ordines
1187 980 1256 1039 in
1308 987 1510 1057 quarto
1567 976 2026 1053 Quadraqesimae
2083 975 2306 1033 sabbato
2360 970 2639 1032 Sitientes

327 1072 596 1130 celebrare
633 1074 887 1149 voluerit,
915 1075 1195 1134 induatur
1231 1075 1377 1133 sicut
1413 1074 1672 1152 superius
1711 1073 1946 1147 dicitur,
1973 1091 2102 1130 cum
2138 1068 2421 1128 ministris
2445 1066 2564 1125 suis
2591 1073 2641 1124 et

329 1168 689 1227 ordinandis.

415 1262 675 1339 Officium
701 1262 810 1321 erit
838 1263 1141 1324 sitientes.

437 1355 652 1414 Prima
698 1357 938 1431 collecta,
988 1378 1112 1435 quae
1165 1366 1296 1437 post
1342 1358 1589 1435 officium
1642 1356 1923 1418 Sitientes
1969 1354 2184 1433 scripta
2229 1359 2326 1422 est,
2368 1349 2644 1420 dicatur;

330 1450 576 1508 secunda
623 1451 750 1523 erit,
793 1472 916 1528 quae
961 1453 1091 1530 ipsa
1138 1453 1231 1511 die
1283 1474 1451 1531 super
1491 1453 1774 1531 populum
1819 1451 2113 1522 diceretur,
2161 1447 2216 1506 si
2255 1445 2480 1505 ordines
2530 1463 2646 1501 non

320 1546 526 1621 fierent
541 1567 566 1617 ;
605 1545 775 1603 tertia
810 1545 1057 1619 collecta,
1085 1555 1311 1623 quarta,
1345 1548 1567 1625 quinta,
1599 1554 1650 1605 et
1686 1554 1857 1620 sea-ta,
1891 1546 2036 1604 sicut
2073 1542 2387 1603 continetur
2422 1538 2648 1598 sabbato

324 1640 537 1717 primae
563 1639 891 1717 septimanae
918 1639 1396 1717 Quadraqesimoe.

443 1733 660 1792 Prima
717 1734 875 1793 lectio
935 1735 1044 1793 erit
1095 1736 1330 1814 epistola
1382 1737 1550 1795 istius
1610 1736 1806 1814 quarti
1859 1735 2094 1806 sabbati,
2153 1751 2326 1811 quam
2384 1734 2650 1805 sequatur

335 1828 570 1905 yradale
607 1829 910 1888 secundum
949 1830 1133 1908 ipsius
1172 1832 1295 1889 diei
1313 1853 1339 1904 ,·
1376 1831 1621 1890 secunda
1662 1831 1838 1904 lectio,
1878 1831 2064 1903 tertia,
2093 1836 2318 1907 quarta,
2363 1844 2492 1885 cum
2530 1819 2649 1878 suia

336 1922 668 1997 yradalibus
694 1930 856 1980 erun-t
887 1922 1025 2003 ipsae
1050 1943 1173 2000 quae
1211 1925 1279 1983 in
1317 1926 1540 1984 sabbato
1572 1924 1787 2004 primae
1820 1926 2147 2003 septimanae
2189 1915 2649 1995 Quadraqesimae

339 2017 610 2074 habentur
627 2038 653 2088 ,·
700 2017 901 2093 quinta
943 2018 1100 2076 lectio
1135 2026 1186 2077 et
1224 2019 1457 2097 epistola
1493 2019 1686 2078 eadem
1726 2020 1996 2079 habentur
2036 2038 2163 2078 cum
2208 2019 2327 2078 suis
2380 2017 2651 2077 tractibus

340 2131 464 2187 quoe
489 2110 556 2168 im.
571 2112 769 2188 primo
795 2111 1069 2170 habentur
1093 2114 1317 2172 sabbato
1346 2113 1824 2190 Quadraqesimae.

420 2203 818 2280 Evanqeliwm‚
865 2206 1227 2282 offertorium,
1274 2216 1557 2280 secretum,
1601 2207 1934 2280 communia,
1980 2206 2444 2285 postcommunio,
2489 2211 2654 2264 erunt

344 2319 467 2376 quae
494 2298 573 2356 ad
596 2299 889 2357 servitium
915 2300 1083 2358 istius
1107 2301 1326 2359 sabbati
1351 2301 1736 2359 inveniuntur.

431 2394 634 2453 Oratio
658 2415 825 2471 super
849 2396 1141 2473 populum,
1168 2396 1223 2454 si
1246 2397 1472 2455 ordines
1486 2398 1660 2473 fiant,
1692 2396 1929 2455 minime
1953 2395 2200 2455 dicatur.

433 2489 517 2549 Et
541 2491 854 2551 notandum
885 2491 1034 2571 quod
1071 2493 1139 2551 in
1179 2493 1268 2552 his
1302 2493 1545 2552 sabbatis
1586 2494 1665 2552 ad
1698 2500 1910 2552 sextam
1951 2491 2232 2552 collectam
2270 2510 2386 2551 non
2424 2488 2658 2560 dicitur,

353 2588 679 2648 Flectamus
705 2608 905 2667 genua.

435 2682 520 2741 In
559 2685 782 2741 sabbato
833 2692 1022 2742 sancto
1069 2683 1324 2756 Paschae,
1381 2684 1436 2742 si
1476 2684 1761 2762 episcopus
1801 2682 2079 2759 qenerales
2119 2681 2343 2741 ordines
2393 2679 2662 2739 celebrare

356 2778 611 2849 voluerit,
662 2779 799 2836 lecta
828 2779 1031 2856 prima
1074 2780 1316 2851 lectione,
1371 2780 1444 2838 In
1486 2779 1774 2858 principio
1814 2778 2050 2849 creavit,
2095 2786 2146 2837 et
2184 2778 2435 2836 oratione
2468 2776 2666 2855 prima

357 2872 529 2942 dicta,
574 2880 831 2930 vocentur
871 2872 1117 2946 ostiarii,
1159 2881 1209 2932 et
1244 2874 1510 2932 instructi
1549 2874 1898 2933 ordinentur.
1982 2871 2207 2945 Postea,
2234 2873 2384 2931 dicta
2421 2870 2665 2930 secunda

358 2966 625 3038 oratione,
655 2966 988 3029 ordinentur
1017 2967 1251 3026 lectores.
1333 2968 1511 3026 Dicta
1535 2967 1706 3025 tertia
1727 2968 2001 3039 oratione,
2018 2967 2350 3025 ordinentur
2368 2965 2664 3024 exorcistae.

360 3056 502 3118 Post
568 3068 834 3137 quartam
906 3062 1216 3120 orationem
1284 3070 1413 3120 ante
1485 3069 1748 3131 tractum,
1822 3062 1981 3120 Sicut
2046 3081 2269 3132 cervuS‚
2340 3061 2672 3118 ordinentur

359 3155 620 3233 acolythi.
710 3154 863 3212 Ante
915 3155 1209 3232 epistolam
1261 3155 1588 3214 immediate
1641 3155 1991 3228 subdiaconi,
2033 3163 2085 3213 et
2138 3163 2266 3213 ante
2319 3153 2668 3230 evanqelium

363 3248 597 3306 diaconi
619 3247 970 3306 ordinentur.
1053 3248 1375 3308 Sacerdotes
1402 3270 1529 3308 vero
1555 3249 1753 3307 statim
1782 3248 1913 3307 lecto
1941 3248 2245 3324 evanqelio.

444 3341 660 3414 Quibus
684 3343 986 3414 ordinatis,
1019 3343 1176 3402 dicat
1201 3345 1504 3422 episcopus,
1537 3345 1822 3403 Dominus
1852 3343 2142 3403 vobiscum
2180 3351 2232 3401 et
2260 3341 2526 3413 OremuS,
2553 3340 2674 3398 sine

364 3437 658 3513 offertorio.

398 3605 405 3611 η
443 3530 526 3588 Et
571 3530 710 3589 dum
753 3551 989 3609 vesperae
1034 3538 1356 3602 cantantur,
1409 3531 1559 3608 quod
1610 3538 1780 3590 restat
1832 3531 1901 3590 de
1955 3529 2295 3590 ordinandis
2339 3529 2674 3610 presbyteris

362 3624 710 3700 perficiatur.

460 3716 768 3776 Sciendum
806 3719 956 3795 quod
999 3718 1283 3796 episcopus
1313 3739 1422 3796 per
1465 3726 1644 3777 totum
1688 3739 1903 3777 annum
1949 3719 2017 3777 in
2054 3719 2358 3777 dominicis
2399 3718 2484 3777 vel
2508 3716 2675 3795 festis

368 3811 743 3889 apostolorum
770 3822 820 3871 et
847 3814 985 3871 aliis
1011 3814 1348 3891 duplicibus,
1373 3835 1500 3872 cum
1527 3815 1760 3872 missam
1787 3815 2035 3885 celebrat,
2059 3815 2113 3872 si
2137 3815 2373 3873 voluerit
2399 3822 2449 3872 et
2473 3834 2678 3872 necesse

351 3907 558 3983 fuerit,
597 3915 770 3984 potest
809 3908 1078 3966 ordinare
1118 3908 1356 3986 acolytos
1382 3929 1562 3967 unum
1590 3910 1676 3966 vel
1714 3909 1852 3967 duos
1878 3909 1964 3967 vel
1998 3918 2121 3968 tres.
2209 3908 2321 3968 Sed
2359 3930 2473 3967 non
2502 3915 2679 3986 potest

369 4021 468 4059 nec
514 4001 663 4060 debet
710 4002 945 4060 eundem
988 4002 1268 4079 acolytum
1314 4012 1365 4060 et
1409 4003 1814 4062 subdiaconum
1854 4004 2047 4062 eadem
2085 4004 2180 4062 die
2214 4003 2500 4076 ordinare,
2537 4002 2677 4079 quia

371 4115 522 4152 nwnc
578 4095 644 4152 in
696 4096 922 4154 ecclesia
976 4103 1220 4172 quatuor
1275 4097 1518 4154 minores
1572 4097 1814 4168 ordines,
1877 4096 2088 4155 scilicet
2140 4096 2387 4167 ostiarii,
2442 4096 2678 4167 lectores,

374 4188 670 4260 exorcistae,
736 4197 787 4248 et
846 4190 1156 4268 acolytatus
1212 4191 1388 4249 simul
1447 4190 1825 4268 conseruntur,
1889 4190 1992 4268 qui
2049 4190 2187 4250 ohim
2245 4190 2313 4248 in
2367 4189 2680 4268 primitiva

375 4281 599 4339 ecclesia
654 4283 963 4360 separatim
1004 4283 1235 4359 fiebant.
1343 4284 1417 4342 Et
1470 4292 1603 4342 tunc
1656 4284 1820 4343 licuit
1872 4304 2050 4344 unum
2108 4284 2340 4342 illorum
2393 4283 2679 4344 minorum

550 4377 631 4440 5.
