<?xml version="1.0" encoding="UTF-8"?>
<!DOCTYPE html PUBLIC "-//W3C//DTD XHTML 1.0 Transitional//EN"
    "http://www.w3.org/TR/xhtml1/DTD/xhtml1-transitional.dtd">
<html xmlns="http://www.w3.org/1999/xhtml" xml:lang="en" lang="en">
 <head>
  <title>
</title>
<meta http-equiv="Content-Type" content="text/html;charset=utf-8" />
  <meta name='ocr-system' content='tesseract 3.04.00' />
  <meta name='ocr-capabilities' content='ocr_page ocr_carea ocr_par ocr_line ocrx_word'/>
</head>
<body>
  <div class='ocr_page' id='page_1' title='image "./liberpontifical00hendgoog_0098.png"; bbox 0 0 3117 5025; ppageno 0'>
   <div class='ocr_carea' id='block_1_1' title="bbox 579 397 2119 462">
    <p class='ocr_par' dir='ltr' id='par_1_1' title="bbox 579 397 2119 462">
     <span class='ocr_line' id='line_1_1' title="bbox 579 397 2119 462; baseline -0.001 -1"><span class='ocrx_word' id='word_1_1' title='bbox 579 397 665 461; x_wconf 86' lang='lat'><strong><em>46</em></strong></span> <span class='ocrx_word' id='word_1_2' title='bbox 1364 398 1767 462; x_wconf 78' lang='lat' dir='ltr'><strong><em>Benedictio</em></strong></span> <span class='ocrx_word' id='word_1_3' title='bbox 1796 397 2119 461; x_wconf 83' lang='lat' dir='ltr'><strong><em>Abbatis.</em></strong></span> 
     </span>
    </p>
   </div>
   <div class='ocr_carea' id='block_1_2' title="bbox 585 601 2911 1999">
    <p class='ocr_par' dir='ltr' id='par_1_2' title="bbox 683 601 1419 684">
     <span class='ocr_line' id='line_1_2' title="bbox 683 601 1419 684; baseline -0.003 -17"><span class='ocrx_word' id='word_1_4' title='bbox 683 603 1136 684; x_wconf 73' lang='lat' dir='ltr'><strong><em>Respondeat.</em></strong></span> <span class='ocrx_word' id='word_1_5' title='bbox 1222 601 1419 666; x_wconf 91' lang='lat' dir='ltr'><strong><em>Volo.</em></strong></span> 
     </span>
    </p>

    <p class='ocr_par' dir='ltr' id='par_1_3' title="bbox 672 703 1866 787">
     <span class='ocr_line' id='line_1_3' title="bbox 672 703 1866 787; baseline 0.001 -20"><span class='ocrx_word' id='word_1_6' title='bbox 672 707 771 769; x_wconf 87' lang='lat' dir='ltr'><strong><em>Et</em></strong></span> <span class='ocrx_word' id='word_1_7' title='bbox 799 707 995 770; x_wconf 82' lang='lat' dir='ltr'><strong><em>dicat</em></strong></span> <span class='ocrx_word' id='word_1_8' title='bbox 1021 706 1435 787; x_wconf 80' lang='lat' dir='ltr'><strong><em>Episcopus.</em></strong></span> <span class='ocrx_word' id='word_1_9' title='bbox 1522 703 1866 769; x_wconf 79' lang='lat' dir='ltr'><strong><em>Profitere.</em></strong></span> 
     </span>
    </p>

    <p class='ocr_par' dir='ltr' id='par_1_4' title="bbox 675 809 1038 872">
     <span class='ocr_line' id='line_1_4' title="bbox 675 809 1038 872; baseline 0.006 -2"><span class='ocrx_word' id='word_1_10' title='bbox 675 809 773 871; x_wconf 87' lang='lat' dir='ltr'><strong><em>Et</em></strong></span> <span class='ocrx_word' id='word_1_11' title='bbox 801 809 1038 872; x_wconf 83' lang='lat' dir='ltr'><strong><em>abbas.</em></strong></span> 
     </span>
    </p>

    <p class='ocr_par' dir='ltr' id='par_1_5' title="bbox 585 906 2906 1301">
     <span class='ocr_line' id='line_1_5' title="bbox 673 906 2897 994; baseline -0.001 -22"><span class='ocrx_word' id='word_1_12' title='bbox 673 908 821 993; x_wconf 84' lang='lat' dir='ltr'><strong><em>Ego</em></strong></span> <span class='ocrx_word' id='word_1_13' title='bbox 881 909 969 973; x_wconf 92' lang='lat' dir='ltr'><strong><em>N.</em></strong></span> <span class='ocrx_word' id='word_1_14' title='bbox 1019 908 1314 974; x_wconf 73' lang='lat' dir='ltr'><strong><em>ecclesiae</em></strong></span> <span class='ocrx_word' id='word_1_15' title='bbox 1372 909 1463 975; x_wconf 92' lang='lat' dir='ltr'><strong><em>N.</em></strong></span> <span class='ocrx_word' id='word_1_16' title='bbox 1524 909 1782 975; x_wconf 90' lang='lat' dir='ltr'><strong><em>electus</em></strong></span> <span class='ocrx_word' id='word_1_17' title='bbox 1842 908 2072 986; x_wconf 87' lang='lat' dir='ltr'><strong><em>abbas,</em></strong></span> <span class='ocrx_word' id='word_1_18' title='bbox 2135 907 2455 994; x_wconf 83' lang='lat' dir='ltr'><strong><em>profiteor</em></strong></span> <span class='ocrx_word' id='word_1_19' title='bbox 2513 910 2757 973; x_wconf 71' lang='lat' dir='ltr'><strong><em>sanctae</em></strong></span> <span class='ocrx_word' id='word_1_20' title='bbox 2806 906 2897 970; x_wconf 77' lang='lat' dir='ltr'><strong><em>N.</em></strong></span> 
     </span>
     <span class='ocr_line' id='line_1_6' title="bbox 586 1008 2901 1096; baseline -0.001 -22"><span class='ocrx_word' id='word_1_21' title='bbox 586 1009 878 1075; x_wconf 68' lang='lat' dir='ltr'><strong><em>ecclesiae</em></strong></span> <span class='ocrx_word' id='word_1_22' title='bbox 923 1011 1178 1095; x_wconf 90' lang='lat' dir='ltr'><strong><em>tibique</em></strong></span> <span class='ocrx_word' id='word_1_23' title='bbox 1221 1015 1418 1095; x_wconf 90' lang='lat' dir='ltr'><strong><em>pater</em></strong></span> <span class='ocrx_word' id='word_1_24' title='bbox 1458 1011 1547 1075; x_wconf 92' lang='lat' dir='ltr'><strong><em>N.</em></strong></span> <span class='ocrx_word' id='word_1_25' title='bbox 1594 1011 1893 1095; x_wconf 84' lang='lat' dir='ltr'><strong><em>ejusdem</em></strong></span> <span class='ocrx_word' id='word_1_26' title='bbox 1940 1010 2235 1075; x_wconf 74' lang='lat' dir='ltr'><strong><em>ecclesiae</em></strong></span> <span class='ocrx_word' id='word_1_27' title='bbox 2275 1010 2587 1096; x_wconf 90' lang='lat' dir='ltr'><strong><em>episcopo</em></strong></span> <span class='ocrx_word' id='word_1_28' title='bbox 2630 1008 2901 1091; x_wconf 82' lang='lat' dir='ltr'><strong><em>tuisque</em></strong></span> 
     </span>
     <span class='ocr_line' id='line_1_7' title="bbox 587 1109 2906 1181; baseline -0.001 -4"><span class='ocrx_word' id='word_1_29' title='bbox 587 1109 1084 1179; x_wconf 85' lang='lat' dir='ltr'><strong><em>successoribus</em></strong></span> <span class='ocrx_word' id='word_1_30' title='bbox 1159 1115 1230 1178; x_wconf 91' lang='lat' dir='ltr'><strong><em>in</em></strong></span> <span class='ocrx_word' id='word_1_31' title='bbox 1302 1135 1383 1179; x_wconf 88' lang='lat' dir='ltr'><strong><em>ea</em></strong></span> <span class='ocrx_word' id='word_1_32' title='bbox 1447 1115 1761 1181; x_wconf 88' lang='lat' dir='ltr'><strong><em>canonice</em></strong></span> <span class='ocrx_word' id='word_1_33' title='bbox 1837 1115 2323 1179; x_wconf 74' lang='lat' dir='ltr'><strong>substituendis</strong></span> <span class='ocrx_word' id='word_1_34' title='bbox 2389 1113 2771 1178; x_wconf 87' lang='lat' dir='ltr'><strong><em>canonicam</em></strong></span> <span class='ocrx_word' id='word_1_35' title='bbox 2838 1112 2906 1175; x_wconf 89' lang='lat' dir='ltr'><strong><em>in</em></strong></span> 
     </span>
     <span class='ocr_line' id='line_1_8' title="bbox 585 1217 2047 1301; baseline 0.001 -21"><span class='ocrx_word' id='word_1_36' title='bbox 585 1217 892 1281; x_wconf 90' lang='lat' dir='ltr'><strong><em>omnibus</em></strong></span> <span class='ocrx_word' id='word_1_37' title='bbox 924 1217 1367 1282; x_wconf 77' lang='lat' dir='ltr'><strong><em>obedientiam</em></strong></span> <span class='ocrx_word' id='word_1_38' title='bbox 1401 1222 1470 1282; x_wconf 87' lang='lat' dir='ltr'><strong><em>et</em></strong></span> <span class='ocrx_word' id='word_1_39' title='bbox 1501 1217 2047 1301; x_wconf 55' lang='lat' dir='ltr'><strong><em>subjectionem!</em></strong></span> 
     </span>
    </p>

    <p class='ocr_par' dir='ltr' id='par_1_6' title="bbox 673 1321 1666 1405">
     <span class='ocr_line' id='line_1_9' title="bbox 673 1321 1666 1405; baseline 0.002 -21"><span class='ocrx_word' id='word_1_40' title='bbox 673 1321 1061 1402; x_wconf 72' lang='lat' dir='ltr'><strong><em>Episcopus</em></strong></span> <span class='ocrx_word' id='word_1_41' title='bbox 1090 1331 1333 1405; x_wconf 73' lang='lat' dir='ltr'><strong><em>euryat</em></strong></span> <span class='ocrx_word' id='word_1_42' title='bbox 1362 1331 1425 1386; x_wconf 91' lang='lat' dir='ltr'><strong><em>et</em></strong></span> <span class='ocrx_word' id='word_1_43' title='bbox 1454 1323 1666 1386; x_wconf 82' lang='lat' dir='ltr'><strong><em>dicat.</em></strong></span> 
     </span>
    </p>

    <p class='ocr_par' dir='ltr' id='par_1_7' title="bbox 590 1418 2901 1611">
     <span class='ocr_line' id='line_1_10' title="bbox 674 1418 2901 1509; baseline -0.002 -22"><span class='ocrx_word' id='word_1_44' title='bbox 674 1421 1109 1509; x_wconf 79' lang='lat' dir='ltr'><strong><em>Omnipotens</em></strong></span> <span class='ocrx_word' id='word_1_45' title='bbox 1154 1422 1480 1488; x_wconf 84' lang='lat' dir='ltr'><strong><em>Dominus</em></strong></span> <span class='ocrx_word' id='word_1_46' title='bbox 1517 1428 1587 1487; x_wconf 89' lang='lat' dir='ltr'><strong><em>et</em></strong></span> <span class='ocrx_word' id='word_1_47' title='bbox 1629 1423 1700 1487; x_wconf 93' lang='lat' dir='ltr'><strong><em>in</em></strong></span> <span class='ocrx_word' id='word_1_48' title='bbox 1744 1424 1850 1488; x_wconf 88' lang='lat' dir='ltr'><strong><em>his</em></strong></span> <span class='ocrx_word' id='word_1_49' title='bbox 1892 1428 1964 1489; x_wconf 86' lang='lat' dir='ltr'><strong><em>et</em></strong></span> <span class='ocrx_word' id='word_1_50' title='bbox 2004 1423 2076 1486; x_wconf 87' lang='lat' dir='ltr'><strong><em>in</em></strong></span> <span class='ocrx_word' id='word_1_51' title='bbox 2120 1421 2376 1488; x_wconf 82' lang='lat' dir='ltr'><strong><em>caeteris</em></strong></span> <span class='ocrx_word' id='word_1_52' title='bbox 2419 1421 2613 1485; x_wconf 89' lang='lat' dir='ltr'><strong><em>bonis</em></strong></span> <span class='ocrx_word' id='word_1_53' title='bbox 2657 1418 2749 1484; x_wconf 88' lang='lat' dir='ltr'><strong><em>sit</em></strong></span> <span class='ocrx_word' id='word_1_54' title='bbox 2793 1440 2901 1483; x_wconf 88' lang='lat' dir='ltr'><strong><em>co-</em></strong></span> 
     </span>
     <span class='ocr_line' id='line_1_11' title="bbox 590 1531 1109 1611; baseline 0 -22"><span class='ocrx_word' id='word_1_55' title='bbox 590 1531 902 1611; x_wconf 79' lang='lat' dir='ltr'><strong><em>operator</em></strong></span> <span class='ocrx_word' id='word_1_56' title='bbox 930 1531 1109 1590; x_wconf 86' lang='lat' dir='ltr'><strong><em>tuus.</em></strong></span> 
     </span>
    </p>

    <p class='ocr_par' dir='ltr' id='par_1_8' title="bbox 685 1630 1536 1694">
     <span class='ocr_line' id='line_1_12' title="bbox 685 1630 1536 1694; baseline -0.002 0"><span class='ocrx_word' id='word_1_57' title='bbox 685 1630 922 1694; x_wconf 79' lang='lat' dir='ltr'><strong><em>Omnes</em></strong></span> <span class='ocrx_word' id='word_1_58' title='bbox 952 1631 1210 1694; x_wconf 82' lang='lat' dir='ltr'><strong><em>dicant.</em></strong></span> <span class='ocrx_word' id='word_1_59' title='bbox 1301 1630 1536 1693; x_wconf 90' lang='lat' dir='ltr'><strong><em>Amen.</em></strong></span> 
     </span>
    </p>

    <p class='ocr_par' dir='ltr' id='par_1_9' title="bbox 591 1728 2911 1999">
     <span class='ocr_line' id='line_1_13' title="bbox 677 1728 2911 1810; baseline -0.001 -21"><span class='ocrx_word' id='word_1_60' title='bbox 677 1730 1001 1802; x_wconf 81' lang='lat' dir='ltr'><strong><em>Sciendum,</em></strong></span> <span class='ocrx_word' id='word_1_61' title='bbox 1034 1732 1183 1809; x_wconf 76' lang='lat' dir='ltr'><strong><em>quod</em></strong></span> <span class='ocrx_word' id='word_1_62' title='bbox 1207 1732 1465 1810; x_wconf 75' lang='lat' dir='ltr'><strong><em>quidam,</em></strong></span> <span class='ocrx_word' id='word_1_63' title='bbox 1497 1741 1547 1791; x_wconf 86' lang='lat' dir='ltr'><strong><em>et</em></strong></span> <span class='ocrx_word' id='word_1_64' title='bbox 1557 1732 1713 1809; x_wconf 82' lang='lat' dir='ltr'><strong><em>forte</em></strong></span> <span class='ocrx_word' id='word_1_65' title='bbox 1738 1733 1957 1805; x_wconf 79' lang='lat' dir='ltr'><strong><em>melius,</em></strong></span> <span class='ocrx_word' id='word_1_66' title='bbox 1982 1733 2156 1792; x_wconf 81' lang='lat' dir='ltr'><strong><em>istam</em></strong></span> <span class='ocrx_word' id='word_1_67' title='bbox 2181 1731 2659 1791; x_wconf 71' lang='lat' dir='ltr'><strong><em>examinationem</em></strong></span> <span class='ocrx_word' id='word_1_68' title='bbox 2669 1728 2911 1805; x_wconf 78' lang='lat' dir='ltr'><strong><em>jaciunt</em></strong></span> 
     </span>
     <span class='ocr_line' id='line_1_14' title="bbox 595 1826 2908 1905; baseline -0 -21"><span class='ocrx_word' id='word_1_69' title='bbox 595 1834 725 1885; x_wconf 76' lang='lat' dir='ltr'><strong><em>ante</em></strong></span> <span class='ocrx_word' id='word_1_70' title='bbox 750 1826 1054 1886; x_wconf 74' lang='lat' dir='ltr'><strong><em>introitum</em></strong></span> <span class='ocrx_word' id='word_1_71' title='bbox 1078 1828 1263 1885; x_wconf 82' lang='lat' dir='ltr'><strong><em>missae</em></strong></span> <span class='ocrx_word' id='word_1_72' title='bbox 1295 1849 1466 1905; x_wconf 76' lang='lat' dir='ltr'><strong><em>usque</em></strong></span> <span class='ocrx_word' id='word_1_73' title='bbox 1501 1827 1583 1886; x_wconf 80' lang='lat' dir='ltr'><strong><em>ad</em></strong></span> <span class='ocrx_word' id='word_1_74' title='bbox 1621 1827 1931 1900; x_wconf 81' lang='lat' dir='ltr'><strong><em>laetauiam,</em></strong></span> <span class='ocrx_word' id='word_1_75' title='bbox 1963 1828 2200 1887; x_wconf 78' lang='lat' dir='ltr'><strong><em>sedendo</em></strong></span> <span class='ocrx_word' id='word_1_76' title='bbox 2222 1850 2241 1888; x_wconf 92' lang='grc'><strong><em>.·</em></strong></span> <span class='ocrx_word' id='word_1_77' title='bbox 2279 1835 2476 1887; x_wconf 80' lang='lat' dir='ltr'><strong><em>caetera</em></strong></span> <span class='ocrx_word' id='word_1_78' title='bbox 2502 1846 2629 1885; x_wconf 80' lang='lat' dir='ltr'><strong><em>vero</em></strong></span> <span class='ocrx_word' id='word_1_79' title='bbox 2655 1826 2748 1884; x_wconf 77' lang='lat' dir='ltr'><strong><em>hic</em></strong></span> <span class='ocrx_word' id='word_1_80' title='bbox 2776 1834 2908 1884; x_wconf 79' lang='lat' dir='ltr'><strong><em>ante</em></strong></span> 
     </span>
     <span class='ocr_line' id='line_1_15' title="bbox 591 1921 1403 1999; baseline 0.004 -21"><span class='ocrx_word' id='word_1_81' title='bbox 591 1922 942 1997; x_wconf 74' lang='lat' dir='ltr'><strong><em>evanqelium</em></strong></span> <span class='ocrx_word' id='word_1_82' title='bbox 967 1921 1128 1999; x_wconf 76' lang='lat' dir='ltr'><strong><em>infra</em></strong></span> <span class='ocrx_word' id='word_1_83' title='bbox 1153 1922 1403 1982; x_wconf 82' lang='lat' dir='ltr'><strong><em>missam.</em></strong></span> 
     </span>
    </p>
   </div>
   <div class='ocr_carea' id='block_1_3' title="bbox 683 2011 3016 2096">
    <p class='ocr_par' dir='ltr' id='par_1_10' title="bbox 683 2011 3016 2096">
     <span class='ocr_line' id='line_1_16' title="bbox 683 2011 3016 2096; baseline 0 -23"><span class='ocrx_word' id='word_1_84' title='bbox 683 2013 846 2075; x_wconf 80' lang='lat' dir='ltr'><strong><em>Tunc</em></strong></span> <span class='ocrx_word' id='word_1_85' title='bbox 862 2024 1181 2094; x_wconf 78' lang='lat' dir='ltr'><strong><em>prosternat</em></strong></span> <span class='ocrx_word' id='word_1_86' title='bbox 1205 2039 1260 2076; x_wconf 87' lang='lat' dir='ltr'><strong><em>se</em></strong></span> <span class='ocrx_word' id='word_1_87' title='bbox 1285 2018 1572 2095; x_wconf 79' lang='lat' dir='ltr'><strong><em>episcopus</em></strong></span> <span class='ocrx_word' id='word_1_88' title='bbox 1597 2025 1728 2077; x_wconf 78' lang='lat' dir='ltr'><strong><em>ante</em></strong></span> <span class='ocrx_word' id='word_1_89' title='bbox 1753 2018 1952 2090; x_wconf 83' lang='lat' dir='ltr'><strong><em>altare,</em></strong></span> <span class='ocrx_word' id='word_1_90' title='bbox 1979 2025 2031 2076; x_wconf 84' lang='lat' dir='ltr'><strong><em>et</em></strong></span> <span class='ocrx_word' id='word_1_91' title='bbox 2056 2018 2225 2075; x_wconf 84' lang='lat' dir='ltr'><strong><em>abbas</em></strong></span> <span class='ocrx_word' id='word_1_92' title='bbox 2259 2025 2404 2075; x_wconf 79' lang='lat' dir='ltr'><strong><em>retro</em></strong></span> <span class='ocrx_word' id='word_1_93' title='bbox 2421 2016 2753 2096; x_wconf 77' lang='lat' dir='ltr'><strong><em>procumbat</em></strong></span> <span class='ocrx_word' id='word_1_94' title='bbox 2776 2036 2910 2074; x_wconf 85' lang='lat' dir='ltr'><strong><em>cum</em></strong></span> <span class='ocrx_word' id='word_1_95' title='bbox 3003 2011 3016 2032; x_wconf 84' lang='lat'>&#39;</span> 
     </span>
    </p>
   </div>
   <div class='ocr_carea' id='block_1_4' title="bbox 592 2109 2918 2587">
    <p class='ocr_par' dir='ltr' id='par_1_11' title="bbox 592 2109 2918 2263">
     <span class='ocr_line' id='line_1_17' title="bbox 597 2109 2918 2190; baseline 0 -23"><span class='ocrx_word' id='word_1_96' title='bbox 597 2109 888 2182; x_wconf 75' lang='lat' dir='ltr'><strong><em>fratribus,</em></strong></span> <span class='ocrx_word' id='word_1_97' title='bbox 917 2112 1096 2169; x_wconf 77' lang='lat' dir='ltr'><strong><em>sacris</em></strong></span> <span class='ocrx_word' id='word_1_98' title='bbox 1134 2112 1369 2169; x_wconf 81' lang='lat' dir='ltr'><strong><em>vestibus</em></strong></span> <span class='ocrx_word' id='word_1_99' title='bbox 1408 2112 1683 2184; x_wconf 78' lang='lat' dir='ltr'><strong><em>indutus;</em></strong></span> <span class='ocrx_word' id='word_1_100' title='bbox 1723 2119 1774 2169; x_wconf 87' lang='lat' dir='ltr'><strong><em>et</em></strong></span> <span class='ocrx_word' id='word_1_101' title='bbox 1786 2113 1947 2190; x_wconf 77' lang='lat' dir='ltr'><strong><em>flant</em></strong></span> <span class='ocrx_word' id='word_1_102' title='bbox 1986 2111 2227 2171; x_wconf 82' lang='lat' dir='ltr'><strong><em>laetam&#39;ae</em></strong></span> <span class='ocrx_word' id='word_1_103' title='bbox 2260 2118 2313 2169; x_wconf 85' lang='lat' dir='ltr'><strong><em>et</em></strong></span> <span class='ocrx_word' id='word_1_104' title='bbox 2335 2112 2485 2170; x_wconf 75' lang='lat' dir='ltr'><strong><em>inter</em></strong></span> <span class='ocrx_word' id='word_1_105' title='bbox 2521 2111 2646 2169; x_wconf 81' lang='lat' dir='ltr'><strong><em>alia</em></strong></span> <span class='ocrx_word' id='word_1_106' title='bbox 2684 2110 2918 2168; x_wconf 80' lang='lat' dir='ltr'><strong><em>dicatur</em></strong></span> 
     </span>
     <span class='ocr_line' id='line_1_18' title="bbox 592 2203 956 2263; baseline 0.008 -3"><span class='ocrx_word' id='word_1_107' title='bbox 592 2205 664 2261; x_wconf 85' lang='lat' dir='ltr'><strong><em>ab</em></strong></span> <span class='ocrx_word' id='word_1_108' title='bbox 690 2224 717 2260; x_wconf 87' lang='lat' dir='ltr'><strong><em>e</em></strong></span> <span class='ocrx_word' id='word_1_109' title='bbox 771 2203 784 2216; x_wconf 84' lang='lat'><em>&#39;</em></span> <span class='ocrx_word' id='word_1_110' title='bbox 943 2250 956 2263; x_wconf 92' lang='lat'><strong><em>.</em></strong></span> 
     </span>
    </p>

    <p class='ocr_par' dir='ltr' id='par_1_12' title="bbox 592 2224 2907 2487">
     <span class='ocr_line' id='line_1_19' title="bbox 679 2224 2907 2387; baseline -0 -25"><span class='ocrx_word' id='word_1_111' title='bbox 679 2224 1084 2362; x_wconf 40' lang='lat' dir='ltr'><strong><em>&amp;mrem</em></strong></span> <span class='ocrx_word' id='word_1_112' title='bbox 1113 2303 1414 2364; x_wconf 88' lang='lat' dir='ltr'><strong><em>nostrum</em></strong></span> <span class='ocrx_word' id='word_1_113' title='bbox 1447 2297 1732 2363; x_wconf 87' lang='lat' dir='ltr'><strong><em>electum</em></strong></span> <span class='ocrx_word' id='word_1_114' title='bbox 1763 2301 2073 2366; x_wconf 86' lang='lat' dir='ltr'><strong><em>abbatem</em></strong></span> <span class='ocrx_word' id='word_1_115' title='bbox 2102 2300 2327 2387; x_wconf 81' lang='lat' dir='ltr'><strong><em>gratia</em></strong></span> <span class='ocrx_word' id='word_1_116' title='bbox 2358 2299 2584 2365; x_wconf 78' lang='lat' dir='ltr'><strong><em>Sancti</em></strong></span> <span class='ocrx_word' id='word_1_117' title='bbox 2617 2298 2907 2384; x_wconf 78' lang='lat' dir='ltr'><strong><em>Spiritus</em></strong></span> 
     </span>
     <span class='ocr_line' id='line_1_20' title="bbox 592 2398 1954 2487; baseline 0.004 -25"><span class='ocrx_word' id='word_1_118' title='bbox 592 2398 942 2465; x_wconf 84' lang='lat' dir='ltr'><strong><em>illustrare</em></strong></span> <span class='ocrx_word' id='word_1_119' title='bbox 973 2406 1043 2465; x_wconf 86' lang='lat' dir='ltr'><strong><em>et</em></strong></span> <span class='ocrx_word' id='word_1_120' title='bbox 1070 2401 1539 2482; x_wconf 59' lang='lat' dir='ltr'><strong><em>beneffldicere</em></strong></span> <span class='ocrx_word' id='word_1_121' title='bbox 1573 2401 1609 2481; x_wconf 81' lang='lat'>†</span> <span class='ocrx_word' id='word_1_122' title='bbox 1637 2402 1954 2487; x_wconf 84' lang='lat' dir='ltr'><strong><em>digneris.</em></strong></span> 
     </span>
    </p>

    <p class='ocr_par' dir='ltr' id='par_1_13' title="bbox 683 2505 1603 2587">
     <span class='ocr_line' id='line_1_21' title="bbox 683 2505 1603 2587; baseline 0.001 -19"><span class='ocrx_word' id='word_1_123' title='bbox 683 2505 1034 2587; x_wconf 78' lang='lat' dir='ltr'><strong><em>Sequitur.</em></strong></span> <span class='ocrx_word' id='word_1_124' title='bbox 1122 2505 1325 2569; x_wconf 85' lang='lat' dir='ltr'><strong><em>Pater</em></strong></span> <span class='ocrx_word' id='word_1_125' title='bbox 1351 2510 1603 2571; x_wconf 89' lang='lat' dir='ltr'><strong><em>noster.</em></strong></span> 
     </span>
    </p>
   </div>
   <div class='ocr_carea' id='block_1_5' title="bbox 592 2604 2909 2760">
    <p class='ocr_par' dir='ltr' id='par_1_14' title="bbox 592 2604 2909 2760">
     <span class='ocr_line' id='line_1_22' title="bbox 682 2604 2909 2690; baseline 0.001 -27"><span class='ocrx_word' id='word_1_126' title='bbox 682 2604 845 2665; x_wconf 77' lang='lat' dir='ltr'><strong><em>Tunc</em></strong></span> <span class='ocrx_word' id='word_1_127' title='bbox 895 2614 1092 2683; x_wconf 75' lang='lat' dir='ltr'><strong><em>surqat</em></strong></span> <span class='ocrx_word' id='word_1_128' title='bbox 1144 2607 1445 2685; x_wconf 77' lang='lat' dir='ltr'><strong><em>episcopus,</em></strong></span> <span class='ocrx_word' id='word_1_129' title='bbox 1493 2616 1545 2666; x_wconf 88' lang='lat' dir='ltr'><strong><em>et</em></strong></span> <span class='ocrx_word' id='word_1_130' title='bbox 1596 2616 1878 2667; x_wconf 79' lang='lat' dir='ltr'><strong><em>convertat</em></strong></span> <span class='ocrx_word' id='word_1_131' title='bbox 1927 2630 1982 2668; x_wconf 87' lang='lat' dir='ltr'><strong><em>se</em></strong></span> <span class='ocrx_word' id='word_1_132' title='bbox 2033 2610 2113 2668; x_wconf 80' lang='lat' dir='ltr'><strong><em>ad</em></strong></span> <span class='ocrx_word' id='word_1_133' title='bbox 2158 2610 2409 2670; x_wconf 84' lang='lat' dir='ltr'><strong><em>abbatem</em></strong></span> <span class='ocrx_word' id='word_1_134' title='bbox 2452 2616 2803 2690; x_wconf 78' lang='lat' dir='ltr'><strong><em>prostratum</em></strong></span> <span class='ocrx_word' id='word_1_135' title='bbox 2854 2617 2909 2667; x_wconf 91' lang='lat' dir='ltr'><strong><em>et</em></strong></span> 
     </span>
     <span class='ocr_line' id='line_1_23' title="bbox 592 2701 768 2760; baseline 0 0"><span class='ocrx_word' id='word_1_136' title='bbox 592 2701 768 2760; x_wconf 83' lang='lat' dir='ltr'><strong><em>dicat.</em></strong></span> 
     </span>
    </p>
   </div>
   <div class='ocr_carea' id='block_1_6' title="bbox 595 2798 2909 3820">
    <p class='ocr_par' dir='ltr' id='par_1_15' title="bbox 681 2798 1057 2861">
     <span class='ocr_line' id='line_1_24' title="bbox 681 2798 1057 2861; baseline 0 0"><span class='ocrx_word' id='word_1_137' title='bbox 681 2798 770 2861; x_wconf 84' lang='lat' dir='ltr'><strong><em>Et</em></strong></span> <span class='ocrx_word' id='word_1_138' title='bbox 799 2818 881 2861; x_wconf 92' lang='lat' dir='ltr'><strong><em>ne</em></strong></span> <span class='ocrx_word' id='word_1_139' title='bbox 912 2817 1057 2861; x_wconf 91' lang='lat' dir='ltr'><strong><em>nos.</em></strong></span> 
     </span>
    </p>

    <p class='ocr_par' dir='ltr' id='par_1_16' title="bbox 684 2898 1628 2965">
     <span class='ocr_line' id='line_1_25' title="bbox 684 2898 1628 2965; baseline 0.003 -3"><span class='ocrx_word' id='word_1_140' title='bbox 684 2898 957 2962; x_wconf 85' lang='lat' dir='ltr'><strong><em>Salvum</em></strong></span> <span class='ocrx_word' id='word_1_141' title='bbox 984 2899 1093 2963; x_wconf 85' lang='lat' dir='ltr'><strong><em>fac</em></strong></span> <span class='ocrx_word' id='word_1_142' title='bbox 1126 2919 1387 2963; x_wconf 88' lang='lat' dir='ltr'><strong><em>servum</em></strong></span> <span class='ocrx_word' id='word_1_143' title='bbox 1417 2903 1628 2965; x_wconf 89' lang='lat' dir='ltr'><strong><em>tuum.</em></strong></span> 
     </span>
    </p>

    <p class='ocr_par' dir='ltr' id='par_1_17' title="bbox 682 2999 2586 3072">
     <span class='ocr_line' id='line_1_26' title="bbox 682 2999 2586 3072; baseline 0.003 -7"><span class='ocrx_word' id='word_1_144' title='bbox 682 2999 1009 3065; x_wconf 79' lang='lat' dir='ltr'><strong><em>Dominus</em></strong></span> <span class='ocrx_word' id='word_1_145' title='bbox 1040 3001 1373 3066; x_wconf 84' lang='lat' dir='ltr'><strong><em>custodiat</em></strong></span> <span class='ocrx_word' id='word_1_146' title='bbox 1400 3000 1747 3067; x_wconf 85' lang='lat' dir='ltr'><strong><em>introitum</em></strong></span> <span class='ocrx_word' id='word_1_147' title='bbox 1776 3007 1966 3068; x_wconf 83' lang='lat' dir='ltr'><strong><em>tuum</em></strong></span> <span class='ocrx_word' id='word_1_148' title='bbox 1998 3010 2070 3070; x_wconf 91' lang='lat' dir='ltr'><strong><em>et</em></strong></span> <span class='ocrx_word' id='word_1_149' title='bbox 2097 3006 2347 3072; x_wconf 85' lang='lat' dir='ltr'><strong><em>exitum</em></strong></span> <span class='ocrx_word' id='word_1_150' title='bbox 2377 3011 2586 3072; x_wconf 81' lang='lat' dir='ltr'><strong><em>tuum.</em></strong></span> 
     </span>
    </p>

    <p class='ocr_par' dir='ltr' id='par_1_18' title="bbox 685 3105 2021 3173">
     <span class='ocr_line' id='line_1_27' title="bbox 685 3105 2021 3173; baseline 0.001 -3"><span class='ocrx_word' id='word_1_151' title='bbox 685 3105 1010 3170; x_wconf 90' lang='lat' dir='ltr'><strong><em>Dominus</em></strong></span> <span class='ocrx_word' id='word_1_152' title='bbox 1039 3105 1374 3171; x_wconf 83' lang='lat' dir='ltr'><strong><em>custodiat</em></strong></span> <span class='ocrx_word' id='word_1_153' title='bbox 1399 3110 1469 3171; x_wconf 82' lang='lat' dir='ltr'><strong><em>te</em></strong></span> <span class='ocrx_word' id='word_1_154' title='bbox 1500 3108 1587 3172; x_wconf 88' lang='lat' dir='ltr'><strong><em>ab</em></strong></span> <span class='ocrx_word' id='word_1_155' title='bbox 1617 3107 1793 3171; x_wconf 91' lang='lat' dir='ltr'><strong><em>omni</em></strong></span> <span class='ocrx_word' id='word_1_156' title='bbox 1823 3108 2021 3173; x_wconf 87' lang='lat' dir='ltr'><strong><em>ma10.</em></strong></span> 
     </span>
    </p>

    <p class='ocr_par' dir='ltr' id='par_1_19' title="bbox 684 3207 1822 3275">
     <span class='ocr_line' id='line_1_28' title="bbox 684 3207 1822 3275; baseline 0.004 -5"><span class='ocrx_word' id='word_1_157' title='bbox 684 3207 925 3272; x_wconf 84' lang='lat' dir='ltr'><strong><em>Mittat</em></strong></span> <span class='ocrx_word' id='word_1_158' title='bbox 954 3208 1071 3272; x_wconf 83' lang='lat' dir='ltr'><strong><em>tibi</em></strong></span> <span class='ocrx_word' id='word_1_159' title='bbox 1106 3207 1426 3272; x_wconf 85' lang='lat' dir='ltr'><strong><em>auxilium</em></strong></span> <span class='ocrx_word' id='word_1_160' title='bbox 1456 3209 1537 3273; x_wconf 91' lang='lat' dir='ltr'><strong><em>de</em></strong></span> <span class='ocrx_word' id='word_1_161' title='bbox 1570 3215 1822 3275; x_wconf 85' lang='lat' dir='ltr'><strong><em>sancto.</em></strong></span> 
     </span>
    </p>

    <p class='ocr_par' dir='ltr' id='par_1_20' title="bbox 682 3310 1787 3397">
     <span class='ocr_line' id='line_1_29' title="bbox 682 3310 1787 3397; baseline 0.003 -21"><span class='ocrx_word' id='word_1_162' title='bbox 682 3311 1009 3396; x_wconf 84' lang='lat' dir='ltr'><strong><em>Exsurge,</em></strong></span> <span class='ocrx_word' id='word_1_163' title='bbox 1041 3310 1341 3389; x_wconf 84' lang='lat' dir='ltr'><strong><em>Domine,</em></strong></span> <span class='ocrx_word' id='word_1_164' title='bbox 1372 3313 1619 3397; x_wconf 88' lang='lat' dir='ltr'><strong><em>adjuva</em></strong></span> <span class='ocrx_word' id='word_1_165' title='bbox 1647 3335 1787 3379; x_wconf 86' lang='lat' dir='ltr'><strong><em>nos.</em></strong></span> 
     </span>
    </p>

    <p class='ocr_par' dir='ltr' id='par_1_21' title="bbox 682 3415 1395 3479">
     <span class='ocr_line' id='line_1_30' title="bbox 682 3415 1395 3479; baseline 0 0"><span class='ocrx_word' id='word_1_166' title='bbox 682 3415 1006 3479; x_wconf 91' lang='lat' dir='ltr'><strong><em>Dominus</em></strong></span> <span class='ocrx_word' id='word_1_167' title='bbox 1037 3416 1395 3479; x_wconf 88' lang='lat' dir='ltr'><strong><em>vobiscum.</em></strong></span> 
     </span>
    </p>

    <p class='ocr_par' dir='ltr' id='par_1_22' title="bbox 685 3518 1397 3603">
     <span class='ocr_line' id='line_1_31' title="bbox 685 3518 1397 3603; baseline 0 -20"><span class='ocrx_word' id='word_1_168' title='bbox 685 3520 777 3585; x_wconf 80' lang='lat' dir='ltr'><strong><em>Et</em></strong></span> <span class='ocrx_word' id='word_1_169' title='bbox 804 3539 954 3583; x_wconf 90' lang='lat' dir='ltr'><strong><em>cum</em></strong></span> <span class='ocrx_word' id='word_1_170' title='bbox 985 3518 1229 3603; x_wconf 82' lang='lat' dir='ltr'><strong><em>spiritu</em></strong></span> <span class='ocrx_word' id='word_1_171' title='bbox 1257 3523 1397 3583; x_wconf 77' lang='lat' dir='ltr'><strong><em>tuo·</em></strong></span> 
     </span>
    </p>

    <p class='ocr_par' dir='ltr' id='par_1_23' title="bbox 595 3619 2909 3820">
     <span class='ocr_line' id='line_1_32' title="bbox 684 3619 2906 3711; baseline 0.005 -25"><span class='ocrx_word' id='word_1_172' title='bbox 684 3619 1004 3696; x_wconf 83' lang='lat' dir='ltr'><strong><em>Concede,</em></strong></span> <span class='ocrx_word' id='word_1_173' title='bbox 1050 3639 1447 3704; x_wconf 73' lang='lat' dir='ltr'><strong><em>quaesumus,</em></strong></span> <span class='ocrx_word' id='word_1_174' title='bbox 1493 3620 1911 3707; x_wconf 89' lang='lat' dir='ltr'><strong><em>omnipotens</em></strong></span> <span class='ocrx_word' id='word_1_175' title='bbox 1957 3622 2161 3702; x_wconf 90' lang='lat' dir='ltr'><strong><em>Deus,</em></strong></span> <span class='ocrx_word' id='word_1_176' title='bbox 2207 3632 2286 3692; x_wconf 91' lang='lat' dir='ltr'><strong><em>ut</em></strong></span> <span class='ocrx_word' id='word_1_177' title='bbox 2325 3627 2648 3694; x_wconf 91' lang='lat' dir='ltr'><strong><em>famulum</em></strong></span> <span class='ocrx_word' id='word_1_178' title='bbox 2694 3636 2906 3711; x_wconf 86' lang='lat' dir='ltr'><strong><em>tuum,</em></strong></span> 
     </span>
     <span class='ocr_line' id='line_1_33' title="bbox 595 3721 2909 3820; baseline 0.005 -32"><span class='ocrx_word' id='word_1_179' title='bbox 595 3745 795 3809; x_wconf 91' lang='lat' dir='ltr'><strong><em>quem</em></strong></span> <span class='ocrx_word' id='word_1_180' title='bbox 825 3721 911 3785; x_wconf 85' lang='lat' dir='ltr'><strong><em>ad</em></strong></span> <span class='ocrx_word' id='word_1_181' title='bbox 940 3721 1240 3807; x_wconf 84' lang='lat' dir='ltr'><strong><em>regimen</em></strong></span> <span class='ocrx_word' id='word_1_182' title='bbox 1267 3722 1638 3787; x_wconf 88' lang='lat' dir='ltr'><strong><em>animarum</em></strong></span> <span class='ocrx_word' id='word_1_183' title='bbox 1683 3724 2012 3810; x_wconf 86' lang='lat' dir='ltr'><strong><em>eligimus,</em></strong></span> <span class='ocrx_word' id='word_1_184' title='bbox 2041 3728 2276 3813; x_wconf 81' lang='lat' dir='ltr'><strong><em>gratiae</em></strong></span> <span class='ocrx_word' id='word_1_185' title='bbox 2304 3735 2435 3795; x_wconf 83' lang='lat' dir='ltr'><strong><em>tuae</em></strong></span> <span class='ocrx_word' id='word_1_186' title='bbox 2477 3732 2650 3797; x_wconf 87' lang='lat' dir='ltr'><strong><em>dono</em></strong></span> <span class='ocrx_word' id='word_1_187' title='bbox 2679 3756 2909 3820; x_wconf 87' lang='lat' dir='ltr'><strong><em>prose-</em></strong></span> 
     </span>
    </p>
   </div>
   <div class='ocr_carea' id='block_1_7' title="bbox 591 3904 2902 4158">
    <p class='ocr_par' dir='ltr' id='par_1_24' title="bbox 591 3904 2902 4158">
     <span class='ocr_line' id='line_1_34' title="bbox 591 3904 2051 3978; baseline 0.003 -18"><span class='ocrx_word' id='word_1_188' title='bbox 591 3909 628 3942; x_wconf 60' lang='lat'><strong>*</strong></span> <span class='ocrx_word' id='word_1_189' title='bbox 664 3909 727 3962; x_wconf 82' lang='lat' dir='ltr'><strong><em>in</em></strong></span> <span class='ocrx_word' id='word_1_190' title='bbox 749 3907 1001 3977; x_wconf 64' lang='lat' dir='ltr'><strong><em>margin5</em></strong></span> <span class='ocrx_word' id='word_1_191' title='bbox 1039 3905 1173 3961; x_wconf 79' lang='lat' dir='ltr'><strong><em>Alia</em></strong></span> <span class='ocrx_word' id='word_1_192' title='bbox 1194 3904 1461 3978; x_wconf 71' lang='lat' dir='ltr'><strong><em>Professio</em></strong></span> <span class='ocrx_word' id='word_1_193' title='bbox 1482 3908 1558 3962; x_wconf 83' lang='lat' dir='ltr'><strong><em>ad</em></strong></span> <span class='ocrx_word' id='word_1_194' title='bbox 1581 3907 1732 3965; x_wconf 72' lang='lat' dir='ltr'><strong><em>istud</em></strong></span> <span class='ocrx_word' id='word_1_195' title='bbox 1753 3907 1970 3978; x_wconf 68' lang='lat' dir='ltr'><strong><em>siymvm</em></strong></span> <span class='ocrx_word' id='word_1_196' title='bbox 1995 3911 2051 3964; x_wconf 83' lang='lat' dir='ltr'>A</span> 
     </span>
     <span class='ocr_line' id='line_1_35' title="bbox 667 3993 2902 4075; baseline 0.009 -28"><span class='ocrx_word' id='word_1_197' title='bbox 667 3995 836 4048; x_wconf 83' lang='lat' dir='ltr'><strong><em>These</em></strong></span> <span class='ocrx_word' id='word_1_198' title='bbox 858 3993 1153 4047; x_wconf 84' lang='lat' dir='ltr'><strong><em>references</em></strong></span> <span class='ocrx_word' id='word_1_199' title='bbox 1176 4010 1269 4048; x_wconf 86' lang='lat' dir='ltr'><strong><em>are</em></strong></span> <span class='ocrx_word' id='word_1_200' title='bbox 1297 3999 1355 4049; x_wconf 84' lang='lat' dir='ltr'><strong><em>to</em></strong></span> <span class='ocrx_word' id='word_1_201' title='bbox 1383 3996 1480 4051; x_wconf 84' lang='lat' dir='ltr'><strong><em>the</em></strong></span> <span class='ocrx_word' id='word_1_202' title='bbox 1508 3999 1815 4056; x_wconf 78' lang='lat' dir='ltr'><strong><em>additional</em></strong></span> <span class='ocrx_word' id='word_1_203' title='bbox 1849 4019 2071 4075; x_wconf 78' lang='lat' dir='ltr'><strong><em>prayers</em></strong></span> <span class='ocrx_word' id='word_1_204' title='bbox 2103 4002 2188 4058; x_wconf 85' lang='lat' dir='ltr'><strong><em>for</em></strong></span> <span class='ocrx_word' id='word_1_205' title='bbox 2222 4003 2319 4059; x_wconf 81' lang='lat' dir='ltr'><strong><em>the</em></strong></span> <span class='ocrx_word' id='word_1_206' title='bbox 2351 4006 2704 4064; x_wconf 84' lang='lat' dir='ltr'><strong><em>Benediction</em></strong></span> <span class='ocrx_word' id='word_1_207' title='bbox 2740 4011 2804 4066; x_wconf 87' lang='lat' dir='ltr'><strong><em>of</em></strong></span> <span class='ocrx_word' id='word_1_208' title='bbox 2829 4030 2902 4067; x_wconf 81' lang='lat' dir='ltr'><strong><em>an</em></strong></span> 
     </span>
     <span class='ocr_line' id='line_1_36' title="bbox 601 4079 1748 4158; baseline 0.006 -23"><span class='ocrx_word' id='word_1_209' title='bbox 601 4082 798 4149; x_wconf 76' lang='lat' dir='ltr'><strong><em>Abbot,</em></strong></span> <span class='ocrx_word' id='word_1_210' title='bbox 827 4079 1006 4135; x_wconf 80' lang='lat' dir='ltr'><strong><em>which</em></strong></span> <span class='ocrx_word' id='word_1_211' title='bbox 1031 4079 1244 4135; x_wconf 78' lang='lat' dir='ltr'><strong><em>follows</em></strong></span> <span class='ocrx_word' id='word_1_212' title='bbox 1267 4082 1380 4136; x_wconf 84' lang='lat' dir='ltr'><strong><em>this</em></strong></span> <span class='ocrx_word' id='word_1_213' title='bbox 1403 4083 1564 4140; x_wconf 86' lang='lat' dir='ltr'><strong><em>Office</em></strong></span> <span class='ocrx_word' id='word_1_214' title='bbox 1584 4104 1639 4158; x_wconf 89' lang='lat' dir='ltr'><strong><em>p.</em></strong></span> <span class='ocrx_word' id='word_1_215' title='bbox 1663 4087 1748 4143; x_wconf 85' lang='lat'><strong><em>51.</em></strong></span> 
     </span>
    </p>
   </div>
   <div class='ocr_carea' id='block_1_8' title="bbox 589 4167 1897 4241">
    <p class='ocr_par' dir='ltr' id='par_1_25' title="bbox 589 4167 1897 4241">
     <span class='ocr_line' id='line_1_37' title="bbox 589 4167 1897 4241; baseline 0.008 -19"><span class='ocrx_word' id='word_1_216' title='bbox 589 4171 628 4241; x_wconf 85' lang='lat'><strong>†</strong></span> <span class='ocrx_word' id='word_1_217' title='bbox 665 4170 727 4223; x_wconf 75' lang='lat' dir='ltr'><strong><em>in</em></strong></span> <span class='ocrx_word' id='word_1_218' title='bbox 750 4167 979 4238; x_wconf 69' lang='lat' dir='ltr'><strong><em>maryin.</em></strong></span> <span class='ocrx_word' id='word_1_219' title='bbox 1054 4172 1110 4222; x_wconf 85' lang='lat' dir='ltr'><strong><em>et</em></strong></span> <span class='ocrx_word' id='word_1_220' title='bbox 1132 4169 1471 4228; x_wconf 83' lang='lat' dir='ltr'><strong><em>sanctificare</em></strong></span> <span class='ocrx_word' id='word_1_221' title='bbox 1493 4178 1550 4228; x_wconf 84' lang='lat' dir='ltr'><strong><em>et</em></strong></span> <span class='ocrx_word' id='word_1_222' title='bbox 1573 4190 1897 4232; x_wconf 83' lang='lat' dir='ltr'><strong><em>consecrare.</em></strong></span> 
     </span>
    </p>
   </div>
  </div>
 </body>
</html>
