3117 5025
936 458 1460 527 Benedictiones
1490 460 1968 545 Episcopales.
2484 459 2564 525 17
2572 459 2611 521 9

271 718 279 725 ο
370 651 707 717 Benedictio
734 658 803 719 de
829 681 1155 742 quocunque
1180 674 1450 745 martyre.

382 847 638 918 Sanctae
662 855 1017 925 Trinitatis
1042 881 1245 947 super
1266 883 1388 928 vos
1410 862 1783 930 benedictio
1814 861 2176 929 descendat
2198 859 2611 948 gratissima,

287 950 405 1032 qui
457 953 642 1019 beati
693 958 783 1024 N.
830 964 1278 1050 martyrisque
1335 965 1618 1051 gloriosi
1666 966 1916 1031 festum
1965 969 2193 1030 mente
2252 961 2612 1028 celebratis

288 1051 749 1126 devotissima.
840 1064 1077 1130 Amen.

380 1154 581 1223 Illius
638 1167 1030 1231 mereamini
1083 1169 1427 1255 suffragiis
1487 1170 1735 1248 fulciri,
1790 1168 2228 1256 exemploque
2286 1167 2614 1244 roborari,

288 1257 406 1339 qui
437 1280 558 1325 nec
590 1267 847 1333 saevitia
876 1273 1333 1355 torquentium
1364 1273 1608 1360 frangi,
1639 1295 1763 1339 nec
1805 1272 2289 1339 immanissima
2317 1276 2604 1336 tormen·

287 1365 518 1426 torum
560 1370 959 1437 crudelitate
1005 1396 1048 1439 a
1090 1373 1581 1461 gloriosissima
1625 1375 1878 1443 Christi
1921 1375 2340 1442 confessione
2392 1374 2612 1459 potuit

288 1460 449 1528 labi.
541 1470 774 1535 Amen.
1231 1546 1238 1557 ⁵

374 1564 467 1630 Et
495 1571 607 1652 qui
641 1593 792 1638 eum
823 1583 1143 1662 superato
1172 1578 1437 1644 diverso
1461 1585 1948 1646 tormentorum
1975 1599 2243 1667 genere,
2271 1576 2603 1644 coelestem

283 1664 575 1750 gloriam
629 1694 780 1739 cum
826 1680 1171 1765 triumpho
1224 1681 1409 1747 dedit
1461 1683 1801 1759 scandere,
1853 1673 2000 1768 ipse
2048 1681 2238 1746 vobis
2288 1680 2609 1745 concedat

282 1769 517 1856 vigore
546 1774 703 1840 fidei
746 1780 1060 1847 vitiorum
1093 1783 1346 1868 pellere
1378 1786 1714 1872 contagia,
1746 1791 1817 1852 et
1845 1807 1994 1851 cum
2035 1784 2270 1852 electis
2299 1784 2605 1850 omnibus

292 1875 683 1956 superindui
712 1879 1281 1951 immarcescibilis
1310 1887 1540 1974 glories
1571 1908 1834 1953 corona.
1924 1888 2162 1952 Amen.

378 1976 565 2062 Quod
595 1982 763 2068 ipse.
1614 1988 1621 1995 ’

362 2197 705 2265 Benedictio
730 2206 799 2267 de
824 2228 1149 2290 quocumque
1174 2179 1494 2292 consessore.

370 2398 576 2479 Deus,
609 2408 1029 2474 sacerdotum
1072 2411 1297 2498 gloria
1324 2416 1395 2478 et
1439 2413 1900 2478 confessorum
1931 2429 2198 2487 corona,
2229 2429 2351 2475 vos
2395 2409 2603 2475 inter·

280 2508 492 2568 ventu
535 2506 719 2573 beati
763 2510 849 2577 N.
904 2516 1201 2598 pastoris
1253 2517 1486 2593 vestri,
1534 2515 1729 2598 cujus
1773 2534 1894 2579 vos
1945 2514 2164 2579 voluit
2212 2513 2601 2579 memoriam

282 2605 648 2688 celebrare,
680 2613 765 2677 ab
811 2617 990 2679 omni
1034 2617 1215 2682 malo
1256 2617 1577 2705 dignetur
1619 2617 1931 2695 liberare,
1964 2621 2035 2682 et
2064 2617 2355 2681 omnium
2404 2617 2602 2681 bene-

286 2708 652 2777 dictionum
684 2719 1095 2783 ornamentis
1125 2720 1461 2785 decorare.
1551 2720 1787 2784 Amen.

374 2813 790 2901 Praestetque
821 2819 1225 2898 misericors,
1251 2827 1327 2886 ut
1358 2821 1470 2906 qui
1502 2820 1696 2886 vobis
1727 2821 1930 2885 decor
1957 2821 2280 2885 honestus
2309 2818 2504 2883 fulsit
2532 2819 2602 2882 in

284 2918 512 2994 terris,
543 2941 666 3004 pro
712 2922 903 2986 vobis
950 2923 1151 2987 etiam
1198 2924 1620 2990 interventor
1662 2923 1976 2988 assiduus
2021 2923 2116 2987 sit
2143 2923 2214 2986 in
2258 2921 2486 2997 coelis;
2534 2926 2603 2985 et

281 3040 427 3103 quae
453 3023 757 3109 exemplo
789 3026 935 3108 ejus
960 3025 1289 3090 didicistis
1322 3032 1391 3091 et
1419 3025 1911 3113 praedicatione,
1935 3045 2057 3090 vos
2085 3023 2294 3091 faciat
2321 3023 2601 3109 implere

285 3123 494 3209 digna
522 3130 1048 3193 conversatione.
1136 3130 1373 3194 Amen.

367 3229 461 3293 Et
502 3253 650 3295 cum
682 3233 1046 3298 communis
1090 3233 1497 3298 resurrectio
1543 3232 1826 3309 venerit,
1857 3231 1967 3296 hic
2007 3234 2332 3316 patronus
2376 3233 2604 3293 vester

257 3353 438 3396 -cum
481 3335 725 3398 ceteris
778 3337 1033 3401 sanctis
1078 3336 1465 3401 doctoribus
1510 3335 1763 3400 vestris
1806 3355 1927 3400 vos
1971 3353 2105 3397 non
2150 3330 2236 3396 ad
2270 3330 2598 3413 judicium

288 3435 406 3499 sed
458 3436 543 3500 ad
593 3437 1124 3504 misericordiam
1174 3438 1300 3504 Dei
1353 3439 1713 3524 perducat3
1760 3441 1848 3514 et,
1901 3434 2247 3501 tremendo
2295 3432 2599 3496 examine

285 3545 579 3623 peracto,
610 3535 880 3606 illorum
924 3542 1285 3607 comitante
1334 3540 1682 3627 suffragiO,
1713 3560 1875 3605 oves
1916 3558 2076 3604 suas
2121 3540 2359 3622 pastor
2386 3535 2602 3599 bonus

286 3641 370 3706 ad
404 3642 704 3706 coelestia
731 3663 983 3727 pascua
1011 3642 1413 3709 introducat.
1502 3645 1741 3709 Amen.

373 3743 561 3829 Quod
590 3744 758 3829 ipse.

364 3966 704 4028 Benedictio
731 3968 799 4027 de
825 3988 1157 4047 quacunque
1184 3969 1343 4029 beata
1370 3988 1487 4027 non
1511 3974 1785 4045 martyre.

371 4164 736 4229 Benedicat
777 4184 898 4231 vos
943 4164 1363 4251 omnipotens
1404 4163 1611 4241 Deus,
1644 4167 2019 4246 sanctaeque
2066 4159 2153 4225 N.
2187 4157 2590 4231 interventu,

277 4269 495 4338 sacris
522 4266 784 4353 repleat
816 4266 1203 4333 virtutibus.
1291 4269 1526 4333 Amen.

366 4373 769 4455 Annuatque
821 4373 917 4447 ut,
964 4370 1139 4435 sicut
1190 4371 1327 4434 haec
1380 4373 1615 4435 sancta
1667 4367 1809 4433 sine
1864 4352 2212 4450 sanguinis
2265 4354 2589 4423 effusione

456 4472 584 4536 22*
