3117 5025
574 324 604 383 1
617 323 654 385 6

1133 498 1631 566 ORDINATIO
1679 499 2304 564 DIACONORUM.

644 664 875 727 Deinde
935 672 1198 729 accedant
1259 673 1407 750 qui}⁸
1427 674 1742 732 ordinandi
1800 681 1928 730 sunt
1990 672 2224 730 diaconi
2278 680 2326 729 et
2386 672 2685 730 sacerdotes
2748 691 2871 727 cum

564 761 796 818 vestibus
839 765 975 835 suis,
1026 773 1074 823 et
1127 768 1403 824 stantibus
1457 769 1668 827 cunctis
1716 768 2149 826 archidiaconus
2192 767 2277 824 vel
2322 788 2471 824 uuus
2523 766 2873 823 eaeaminator

560 857 756 930 offerat
782 880 866 916 eos
885 861 1153 937 pontifici
1178 862 1408 931 sedenti,
1440 863 1816 940 supplicando
1844 862 2136 920 humiliter
2161 862 2268 918 isto
2295 862 2474 919 modo.

650 953 957 1019 Postulat
998 965 1228 1021 sancta
1273 964 1488 1022 mater
1516 958 1822 1023 Ecclesia
1852 955 2198 1020 Catholiea
2230 962 2589 1038 praesentes
2620 960 2697 1018 ut
2727 957 2876 1019 sub·

561 1055 871 1121 diaconos
901 1058 985 1123 ad
1016 1059 1318 1136 diaconii,
1351 1067 1419 1125 et
1452 1061 1763 1125 diaconos
1795 1060 1879 1125 ad
1909 1059 2301 1144 presbyterii
2333 1080 2500 1122 onus
2533 1059 2870 1122 ordinetis.

1177 1161 1493 1240 Episcopus
1518 1163 1728 1234 sedens,
1757 1162 2065 1236 interroyat
2092 1182 2235 1220 eum.

648 1251 788 1318 Seis
820 1260 893 1318 tu
926 1276 1040 1319 eos
1071 1277 1217 1320 esse
1249 1258 1507 1342 dignos.

1347 1359 1591 1435 Offerens
1617 1381 1703 1417 eos
1730 1360 2073 1436 respondeat.
2524 1398 2560 1426 .

640 1450 972 1535 Quantum
1027 1455 1315 1519 humana
1366 1455 1700 1539 fragilitas
1758 1475 1954 1518 nosse
2006 1454 2186 1529 sinit,
2241 1454 2374 1517 seio
2429 1459 2499 1517 et
2549 1453 2872 1537 testificor

553 1552 735 1635 ipsos
765 1555 1000 1640 dignos
1032 1578 1180 1620 esse
1212 1557 1295 1621 ad
1326 1558 1527 1641 hujus
1559 1578 1725 1620 onus
1758 1557 1969 1621 officii.

1265 1658 1585 1735 Episcopus
1611 1659 1809 1715 stando
1836 1658 2011 1716 dicat.

644 1751 1024 1816 Auxiliante
1072 1753 1354 1816 Domino
1403 1752 1545 1816 Deo
1597 1761 1664 1816 et
1715 1752 2060 1817 Salvatore
2111 1759 2340 1818 nostro
2390 1752 2556 1816 Jesu
2606 1752 2869 1816 Christo

555 1852 863 1937 eligimus
922 1854 1045 1918 hos
1096 1858 1160 1917 in
1224 1855 1517 1918 ordinem
1579 1854 1861 1919 diaconii
1921 1855 2027 1919 vel
2084 1855 2494 1940 presbyterii.
2590 1854 2660 1919 Si
2714 1856 2868 1938 quis

555 1961 777 2017 autem
827 1955 1029 2019 habet
1076 1956 1325 2040 aliquid
1376 1962 1609 2021 contra
1657 1977 1788 2032 eos,
1841 1978 1960 2039 pro
2013 1956 2153 2020 Deo
2207 1963 2276 2021 et
2327 1963 2601 2041 propter
2651 1957 2863 2020 Deum

554 2063 751 2121 exeat
778 2063 846 2120 et
876 2057 1092 2134 dicat3
1142 2065 1595 2123 verumtamen
1630 2079 1883 2144 memor
1915 2058 2004 2123 sit
2033 2058 2427 2123 conditionis
2458 2071 2486 2099 ⁸
2518 2080 2667 2122 suae.

636 2164 926 2221 Prostrato
972 2173 1164 2242 postea
1221 2165 1471 2242 episcopo
1527 2173 1657 2222 ante
1718 2165 1897 2222 altare
1956 2187 2081 2223 eum
2142 2166 2512 2223 sacerdotibus
2573 2174 2623 2221 et
2680 2165 2862 2222 levitis

561 2258 917 2330 ordinandi3‚
985 2261 1303 2337 incipiatur
1358 2261 1587 2330 litania,
1647 2281 1769 2336 quoe
1822 2262 2188 2318 communiter
2238 2259 2402 2317 servit
2455 2261 2592 2317 aliis
2649 2260 2864 2336 Officiis

559 2353 886 2430 Pontificiis
912 2355 1086 2431 infra.

672 2449 887 2527 Aliqui
945 2450 1141 2508 dicunt
1197 2450 1464 2507 litaniam
1516 2450 1584 2507 in
1630 2450 1926 2528 principio
1979 2470 2144 2527 super
2196 2470 2379 2506 omnes
2436 2448 2719 2520 Ordinem
2774 2449 2869 2505 sed

580 2545 841 2605 Romana
873 2547 1132 2606 Ecclesia
1158 2549 1249 2605 hic
1278 2556 1497 2605 tantum
1524 2548 1623 2604 hoc
1649 2546 1810 2604 modo
1836 2546 1979 2603 dicit
2008 2545 2276 2602 litaniam
2304 2545 2491 2602 istam.

583 2675 2244 2709 ⁸——

582 2710 2244 2778 *w

647 2815 1114 2899 Kyri-eleison.
1172 2814 1669 2878 Christeleison.
1724 2813 2195 2898 Kyri-eleison.

556 2929 1281 3044 Q

645 3071 906 3136 Christe
932 3074 1085 3138 audi
1116 3095 1255 3139 nos.

639 3334 870 3398 Pa·ter
900 3332 979 3396 de
1012 3333 1191 3396 coelis
1221 3333 1355 3396 De·
1374 3355 1502 3409 -uS,
1534 3334 1936 3396 mi-se-re-re
1968 3334 2209 3399 no-biS.

550 3447 2551 3562 Q

636 3590 799 3655 Fi-li
830 3591 1258 3676 Re-demptor
1289 3591 1511 3654 mundi
1534 3590 1672 3653 De·
1698 3611 1806 3653 -us
1837 3590 2238 3653 mi-se-re-re
2269 3591 2507 3656 no-bis.

640 3848 983 3932 Spi-ri-tus
1018 3847 1256 3910 Sancte
1285 3846 1412 3909 De·
1433 3868 1542 3910 -us
1572 3846 1972 3909 mi-se-re-re
2005 3848 2244 3910 no-bis.

639 4105 881 4169 Sancta
912 4103 1285 4180 Tri-ni-tas,
1319 4125 1520 4167 u-nus
1550 4103 1681 4167 De·
1702 4124 1808 4165 -us
1841 4103 2238 4168 mi-se-re-re
2271 4108 2509 4171 no-bis.

546 4291 571 4319 ⁸
608 4281 674 4334 al.
717 4277 1127 4332 communionis,
