3117 5025
839 370 1277 437 Censeo-ratio
1308 373 1567 437 altaris
1600 375 1743 438 sine
1775 373 2116 438 Ecclesia.
2503 367 2629 432 107

305 567 669 651 spirituum
699 573 1186 643 immundorum
1217 580 1303 645 ab
1344 601 1425 645 ea
1453 580 1726 645 recedat
1767 579 2062 644 incursio
2089 601 2105 654 ;
2150 580 2231 642 ut
2257 574 2632 658 ubicunque

298 677 513 744 fuerit
540 680 610 744 in
641 683 903 747 nomine
934 687 1053 747 tuo
1075 704 1371 768 aspersa,
1397 683 1623 769 gratia
1643 688 1774 748 tuae
1796 679 2280 747 benedictionis
2310 676 2624 742 adveniat

305 783 383 844 et
425 783 645 848 omnia
687 785 867 850 mala
911 789 981 849 te
1026 785 1431 871 propitiante
1472 785 1706 872 procul
1750 784 2085 850 recedant.
2175 783 2308 847 Per
2350 780 2630 846 eundem

308 881 694 950 Dominum.

401 986 803 1053 Benedictio
834 991 1086 1055 cineris

402 1110 552 1153 cum
581 1090 907 1158 Dominus
934 1093 1295 1159 vobiscum.

402 1192 705 1259 Oremus.

402 1296 840 1382 Omnipotens
873 1299 1276 1384 sempiterne
1307 1298 1512 1376 Deus,
1536 1319 1737 1384 parce
1766 1298 2241 1374 metuentibus,
2265 1294 2631 1381 propitiare

312 1399 871 1484 supplicantibus,
904 1406 976 1465 et
1019 1403 1290 1466 mittere
1320 1402 1599 1487 dignare
1631 1406 1932 1466 sanctum
1974 1400 2286 1488 angelum
2316 1403 2506 1463 tuum
2551 1397 2632 1460 de

313 1501 525 1577 coelis,
578 1502 693 1584 qui
744 1500 1165 1575 bene-Fdicat
1215 1509 1286 1568 et
1338 1504 1779 1579 sanctitlcficet
1837 1503 2095 1567 cineres
2148 1502 2317 1566 istos
2368 1504 2447 1564 ut
2499 1499 2635 1563 sint

311 1602 679 1667 remedium
728 1604 1026 1669 salutare
1073 1605 1377 1670 omnibus
1421 1626 1661 1670 nomen
1709 1609 1899 1669 tuum
1945 1608 2249 1670 sanctum
2293 1600 2640 1666 humiliter

306 1705 788 1771 invocantibus
818 1729 897 1772 ac
928 1708 1327 1792 semetipsos
1354 1729 1475 1793 pro
1499 1707 1910 1773 conscientia
1939 1707 2334 1772 delictorum
2367 1724 2636 1769 suorum

316 1808 811 1885 accusantibus,
836 1814 1036 1895 atque
1060 1810 1130 1873 in
1155 1832 1271 1875 con
1282 1815 1517 1895 spectu
1537 1809 1774 1874 divinae
1798 1808 2165 1874 clementiae
2190 1816 2319 1873 tuae
2339 1807 2643 1872 facinora

316 1929 444 1973 sua
471 1909 993 2002 deplorantibus,
1016 1911 1127 1976 vel
1160 1912 1658 1976 serenissimam
1686 1911 2007 1997 pietatem
2029 1914 2218 1975 tuam
2251 1908 2642 1993 suppliciter

315 2012 693 2096 obnixeque
743 2013 1244 2097 flagitantibus3
1306 2018 1379 2079 et
1430 2018 1679 2097 praesta
1727 2034 1850 2099 per
1905 2013 2391 2077 invocationem
2449 2031 2638 2074 sanc-

314 2115 568 2179 tissimi
596 2115 883 2179 nominis
911 2115 1033 2192 tui,
1065 2120 1143 2180 ut
1173 2116 1546 2200 quicunque
1579 2137 1693 2180 eos
1738 2136 1942 2200 super
1971 2136 2043 2179 se
2074 2114 2492 2198 asperserint·
2513 2134 2637 2197 pro

313 2217 774 2301 redemptione
803 2223 1246 2302 peccatorum,
1270 2220 1570 2305 corporis
1600 2220 1956 2285 sanitatem
1981 2224 2053 2284 et
2082 2219 2318 2285 animae
2346 2217 2633 2283 tutelam

316 2322 719 2408 percipiant.
805 2323 935 2387 Per
965 2322 1345 2389 Dominum.

399 2425 561 2484 Tunc
598 2424 944 2482 misceantwr
980 2427 1069 2484 sal
1095 2433 1146 2485 et
1170 2426 1336 2499 cinis,
1364 2434 1414 2484 et
1443 2425 1702 2504 pontifem
1741 2432 1825 2483 ter
1833 2424 2029 2501 faciat
2066 2426 2203 2485 inde
2229 2445 2446 2484 crucem
2471 2444 2638 2503 super

316 2543 533 2598 aquam
559 2522 765 2580 dicens.
1557 2573 1561 2576 ,

408 2617 571 2681 Haec
625 2617 1009 2682 commixtio
1064 2616 1228 2682 salis
1281 2621 1351 2682 et
1398 2618 1643 2682 cineris
1696 2637 1845 2682 cum
1897 2637 2072 2700 aqua
2121 2616 2492 2692 benedicta,
2547 2614 2642 2680 sit

320 2718 810 2792 sanctifflficata
869 2720 952 2785 ad
1006 2720 1572 2785 consecrationem
1624 2720 1828 2803 hujus
1885 2719 2143 2785 altaris.
2233 2719 2315 2783 In
2372 2718 2639 2784 nomine

317 2823 627 2910 Pa—Ftris
661 2828 732 2888 et
761 2819 988 2894 Fiffilii
1019 2827 1089 2887 et
1122 2822 1412 2908 Spiritus
1441 2817 1514 2892 ὦ
1546 2822 1797 2887 Sancti.
1886 2823 2122 2887 Amen.

409 2927 758 3008 Sequitur.
846 2924 1172 2989 Dominus
1202 2925 1562 2990 vobiscum.
1654 2925 1957 2989 Oremus.

441 3030 705 3094 Oratio,
806 3026 1028 3111 Deus,
1085 3027 1345 3092 invictae
1410 3027 1683 3093 virtutis
1742 3032 1977 3092 auctor
2042 3032 2112 3092 et
2168 3026 2640 3111 insuperabilis

317 3130 582 3216 imperii
625 3152 747 3194 rex
792 3152 869 3195 ac
923 3151 1186 3214 semper
1228 3131 1622 3215 magnificus
1672 3131 2141 3214 triumphator,
2188 3130 2303 3214 qui
2347 3130 2640 3195 adversae

321 3234 793 3299 dominationis
845 3234 1023 3298 vires
1073 3233 1407 3317 reprimis,
1460 3234 1574 3318 qui
1634 3234 1881 3298 inimici
1941 3234 2272 3318 rugientis
2318 3233 2640 3297 saevitiam

324 3358 625 3422 superae,
650 3336 765 3420 qui
788 3335 1071 3400 hostiles
1095 3335 1429 3420 nequitias
1450 3340 1764 3421 potenter
1787 3357 2133 3420 expugnas
2155 3359 2172 3412 3
2218 3339 2309 3411 te,
2334 3333 2639 3411 Domine,

319 3446 685 3507 trementes
733 3446 801 3506 et
831 3440 1164 3525 supplices
1209 3441 1647 3524 deprecamur
1687 3462 1765 3505 ac
1808 3440 2120 3524 petimuS,
2152 3443 2230 3503 ut
2258 3439 2430 3502 hanc
2461 3459 2642 3503 crea·

318 3550 540 3610 turam
589 3544 753 3610 salis
802 3549 874 3609 et
919 3564 1106 3626 aquae
1151 3547 1223 3609 et
1269 3543 1512 3608 cineris
1556 3544 1914 3628 dignanter
1959 3543 2266 3627 accipias,
2312 3541 2644 3626 benignus

317 3648 647 3724 illustres,
673 3645 949 3731 pietatis
980 3650 1110 3710 tuae
1142 3668 1325 3711 more
1358 3648 1395 3686 ’¹‘
1434 3645 1903 3720 sanctifices,
1926 3650 2004 3709 ut
2032 3646 2408 3728 ubicunque
2438 3645 2644 3709 fuerit

325 3770 608 3835 aspersa
657 3770 779 3833 per
837 3748 1323 3832 invocationem
1380 3747 1596 3813 sancti
1654 3747 1944 3812 nominis
1995 3748 2118 3824 tui,
2169 3747 2386 3810 omnis
2439 3747 2641 3811 infes-

321 3852 498 3918 tatio
529 3851 851 3915 immundi
878 3850 1151 3936 spiritus
1182 3850 1933 3935 abjiciatur,'terrorque
1961 3850 2278 3915 venenosi
2311 3850 2642 3934 serpentis

324 3953 557 4040 procul
608 3952 923 4037 pellatur,
969 3956 1036 4017 et
1080 3953 1437 4036 praesentia
1489 3952 1718 4017 Sancti
1774 3953 2061 4038 Spiritus
2113 3952 2640 4017 misericordiam

323 4062 514 4122 tuam
564 4054 992 4139 poscentibus
1044 4055 1289 4139 ubique
1351 4055 1588 4120 adesse
1650 4055 1981 4140 dignetur.
2082 4056 2212 4119 Per
2263 4054 2641 4119 Dominum.

324 4160 408 4223 In
441 4158 700 4223 unitate
729 4157 1049 4241 ejusdem.

328 4376 363 4410 ³⁸*
399 4375 480 4430 sic
507 4373 621 4429 MS.

509 4463 635 4525 13*
