3117 5025
526 406 654 471 314
1180 408 1281 473 De
1322 412 1693 475 Ordinibus
1732 411 2194 494 Conferendis.

531 806 803 872 MISSA
830 809 933 874 IN
958 804 1591 873 ORDINATIONE
1615 800 2179 870 PRESBYTERI
2205 802 2414 867 SIVE
2437 800 2838 866 DIACONI.

618 1011 901 1089 Exaudi,
947 1013 1253 1092 Domine,
1302 1014 1678 1100 supplicum
1721 1032 1975 1099 preces,
2009 1016 2079 1075 et
2121 1012 2363 1074 devoto
2407 1007 2530 1072 tibi
2577 1009 2846 1090 pectore

530 1113 935 1180 famulantes
965 1123 1293 1202 perpetua
1336 1117 1723 1182 defensione
1769 1115 2050 1193 custodi,
2082 1120 2160 1179 ut
2188 1113 2398 1178 nullis
2441 1107 2850 1197 perturbati-

534 1216 775 1281 onibus
823 1218 1148 1302 impediti,
1194 1219 1478 1284 liberam
1533 1220 1932 1284 servitutem
1978 1219 2115 1282 tuis
2169 1225 2434 1301 sem'per
2485 1214 2850 1279 exhibeant

535 1321 789 1386 officiis.
879 1323 1027 1387 Per.

621 1421 806 1502 Super
830 1425 1041 1484 oblata.

626 1517 934 1585 Omnium
981 1531 1387 1599 nostrorum,
1433 1521 1737 1599 Domine,
1783 1541 2185 1607 quaesumus,
2216 1520 2477 1585 hostias
2522 1517 2855 1605 propitius

541 1620 940 1701 intuere,‚ut
984 1630 1056 1689 et
1099 1625 1276 1710 quod
1320 1631 1546 1690 actum
1592 1631 1698 1690 est
1742 1646 1865 1710 per
1908 1624 2298 1709 obsequium
2344 1623 2735 1708 deputatum
2781 1626 2854 1684 et

540 1722 832 1788 fidelium
886 1730 1047 1791 vota
1098 1726 1517 1812 populorum,
1564 1734 1684 1792 tua
1728 1727 1954 1813 potius
2006 1726 2480 1812 propitiatione
2532 1726 2854 1793 firmetur.

543 1824 688 1890 Per.

620 1929 921 2007 Proesatio.

625 2027 710 2092 V.
744 2026 829 2092 D.
922 2031 1204 2094 AEterne
1237 2029 1462 2105 Deus;
1513 2030 1911 2115 suppliciter
1954 2031 2415 2116 deprecantes,
2446 2033 2525 2093 ut
2564 2031 2866 2091 nostram

539 2130 797 2214 pariter
856 2137 927 2197 et
986 2132 1177 2196 illius
1241 2155 1439 2219 quem
1511 2155 1636 2218 per
1692 2134 1793 2197 tui
1854 2133 2152 2197 muneris
2213 2133 2599 2219 largitatem
2666 2152 2874 2195 sacrae

542 2234 810 2298 familiae
843 2237 1294 2323 subrogamus
1327 2238 1706 2301 antistitem
1739 2238 1850 2301 vel
1878 2238 2340 2322 presbyterum
2374 2236 2482 2300 vel
2520 2235 2872 2318 diaconum

545 2337 715 2400 bene
747 2337 871 2402 tibi
903 2338 1229 2423 placitam
1262 2340 1581 2424 perficias
1614 2340 2033 2405 servitutem.
2124 2341 2254 2403 Per
2285 2338 2649 2403 Christum.

621 2440 796 2517 Infra
824 2443 1121 2501 actionem.

634 2537 831 2603 Hanc
875 2539 1088 2624 igitur
1132 2539 1567 2618 oblationem,
1602 2562 1801 2624 quam
1850 2541 1974 2605 tibi
2019 2540 2380 2615 offerimus,
2412 2538 2718 2615 Domine,
2749 2559 2872 2623 pro

544 2641 797 2706 famulo
859 2647 975 2706 tuo
1036 2643 1142 2706 ill.
1197 2664 1394 2728 quem
1458 2643 1544 2707 ad
1597 2643 2050 2728 pontificalem
2102 2644 2210 2708 vel
2269 2642 2667 2727 presbyterii
2728 2646 2870 2707 sive

547 2745 836 2809 diaconii
881 2746 1162 2831 gradum
1196 2766 1591 2830 promovere
1637 2747 1958 2832 dignatus
2004 2768 2101 2821 es,
2133 2766 2532 2831 quaesumus,
2560 2744 2868 2821 Domine,

549 2855 622 2912 ut
651 2848 962 2934 placatus
994 2849 1309 2932 accipias,
1343 2855 1415 2912 et
1446 2872 1590 2933 quae
1624 2850 1686 2913 ei
1717 2850 1944 2913 divino
1976 2870 2252 2913 munere
2283 2848 2650 2924 contulisti,
2682 2848 2752 2910 in
2786 2868 2862 2911 eo

548 2952 884 3036 propitius
916 2958 1036 3015 tua
1067 2953 1244 3017 dona
1276 2941 1562 3017 custodi.
1659 2954 1784 3017 Per
1815 2953 2179 3018 Christum.

626 3054 730 3112 Ad
755 3053 1164 3132 complendum.

634 3149 741 3214 Da
784 3149 998 3225 nobis,
1031 3170 1430 3233 quaesumus,
1478 3152 1901 3236 omnipotens
1945 3150 2151 3228 Deus,
2182 3152 2339 3216 boni
2384 3153 2606 3236 operis
2649 3151 2860 3217 incre·

547 3257 776 3317 menta
803 3252 1170 3337 percipere,
1205 3259 1274 3317 et
1316 3275 1510 3338 quem
1561 3261 1863 3340 tempore
1895 3255 2233 3340 provehiS,
2268 3257 2478 3319 sacris
2521 3257 2859 3340 mysteriis

546 3358 728 3423 effice
760 3355 1265 3442 promptiorem.
1355 3358 1504 3421 Per.

628 3459 813 3537 Super
831 3458 1130 3537 populum.
1274 3471 1280 3477 '

634 3554 879 3618 Totum
914 3575 1164 3638 corpus
1212 3554 1508 3620 ecclesiae
1554 3562 1707 3633 tuae,
1740 3556 2043 3635 Domine,
2090 3580 2489 3643 quaesumuS,
2523 3559 2616 3623 sic
2661 3560 2857 3623 bene-

544 3657 746 3721 dictio
822 3657 1218 3742 suppliciter
1292 3658 1653 3742 implorata
1737 3660 2071 3745 disponat,
2146 3666 2225 3726 ut
2300 3667 2370 3726 et
2444 3663 2856 3746 superiorum

547 3763 931 3827 firmitatem
963 3763 1409 3827 membrorum
1458 3764 1764 3846 subjecta
1808 3766 2294 3851 congaudeant,
2328 3773 2396 3830 et
2440 3767 2854 3832 subditorum

551 3865 934 3929 sinceritate
969 3885 1228 3929 summa
1259 3866 1591 3932 laetentur.
1681 3868 1830 3930 Per.

3040 722 3049 822 -—=.
