3117 5025
1003 415 1398 480 Benedictio
1438 414 1673 497 Reyis.
2461 411 2589 475 351

267 594 449 672 filiis,
505 606 571 665 et
627 602 851 688 tingat
898 604 968 668 in
1022 604 1170 669 oleo
1224 605 1459 689 pedem
1516 624 1731 667 suum.
1826 601 2092 665 Cornua
2147 597 2598 664 rhinocerotis

267 722 522 768 cornua
566 705 774 784 illius,
822 709 892 771 in
945 710 1112 794 ipsis
1168 709 1527 774 ventilabit
1578 714 1819 793 gentes
1874 728 2086 790 usque
2144 707 2228 772 ad
2277 706 2603 771 terminos

265 810 484 883 terrae,
516 810 675 892 quia
705 831 1024 876 ascensor
1053 813 1204 877 coeli
1230 812 1599 877 auxiliator
1629 810 1798 893 ejus.
1888 810 2019 874 Per
2050 809 2430 875 Dominum.

357 907 521 969 Tunc
549 911 709 970 dicat
736 915 921 972 omnis
942 915 1192 993 populus
1218 936 1347 973 cum
1375 915 1652 993 episcopis
1680 915 1860 972 tribus
1886 914 2124 983 vicibus,

360 1005 571 1071 Vivat
599 1028 719 1071 rex
754 1011 858 1075 ill.
892 1010 962 1073 in
996 1011 1500 1096 sempiternum.

363 1110 456 1173 R.
546 1111 783 1175 Amen.

354 1212 437 1270 Et
475 1216 914 1290 confirmabitur
960 1238 1088 1275 cum
1138 1217 1518 1275 benedictione
1567 1217 1728 1274 omni
1765 1215 1983 1293 populo
2031 1216 2098 1272 in
2140 1215 2284 1272 solio
2330 1216 2512 1291 requi,
2556 1223 2606 1273 et

276 1309 535 1366 osculant
552 1311 851 1389 principes
880 1311 946 1369 ‘in
971 1319 1377 1390 sempiternum
1405 1313 1670 1382 dicentes,

363 1406 604 1482 Amen,
638 1406 873 1482 Amen,
907 1410 1143 1471 Amen.

364 1505 571 1583 Deus,
605 1510 1079 1592 perpetuitatis
1126 1514 1382 1586 auctor,
1415 1510 1550 1573 dux
1598 1510 1923 1575 virtutum
1970 1507 2285 1583 omnium,
2333 1512 2602 1572 cuncto-

278 1629 560 1693 rumque
612 1611 907 1675 hostium
959 1613 1193 1690 victor,
1241 1614 1604 1695 beneffidic
1656 1615 1835 1678 hunc
1884 1611 2212 1676 famulum
2264 1618 2454 1675 tuum
2501 1612 2605 1675 ill.

276 1712 404 1774 tibi
468 1733 663 1776 suum
724 1721 927 1799 caput
977 1716 1455 1792 inclinantem3
1521 1718 1790 1781 effunde
1847 1737 2053 1799 super
2103 1736 2253 1777 eum
2310 1714 2598 1800 gratia-m

277 1815 562 1891 firmam,
587 1821 657 1880 et
680 1816 749 1880 in
773 1818 1019 1882 militia
1041 1819 1110 1883 in
1143 1842 1277 1904 qua
1301 1821 1631 1904 probatus
1656 1819 1993 1894 consistit,
2018 1818 2283 1904 prolixa
2308 1818 2601 1883 sanitate

281 1923 349 1982 et
398 1939 726 2003 prospera
769 1919 1099 1987 felicitate
1147 1945 1295 1987 eum
1352 1944 1716 2000 conserva3
1767 1928 1845 1988 ut
1891 1923 2272 2005 ubicunque
2319 1921 2428 1984 vel
2483 1944 2604 2007 pro

276 2022 782 2108 quibuscunque
815 2026 1142 2090 auxilium
1172 2033 1363 2092 tuum
1397 2027 1839 2104 invocaverit,
1873 2026 2006 2090 cito
2039 2026 2241 2102 adsis,
2276 2030 2598 2111 protegas

281 2132 351 2190 et
382 2126 722 2193 defendas,
813 2130 961 2194 Per.

368 2403 726 2469 Rectitudo
758 2408 943 2491 regis
976 2412 1083 2471 est
1112 2408 1380 2472 noviter
1426 2407 1738 2483 ordinati,
1774 2415 1841 2471 et
1873 2408 1942 2471 in
1977 2406 2217 2471 solium
2262 2404 2606 2468 sublimati

276 2508 527 2594 populo
558 2508 694 2574 tria
726 2517 1060 2596 praecepta
1092 2512 1216 2576 sibi
1255 2513 1521 2576 subdito
1554 2513 1933 2598 praecipere.

366 2613 706 2697 Inprimis,
760 2619 840 2679 ut
902 2615 1189 2681 ecclesia
1246 2616 1374 2680 Dei
1429 2620 1500 2680 et
1553 2616 1770 2679 omnis
1821 2615 2110 2700 populus
2174 2611 2604 2676 Christianus

277 2735 508 2778 veram
541 2736 769 2798 pacem
807 2723 1086 2781 servent
1119 2720 1154 2757 ¹*
1190 2719 1260 2781 in
1294 2719 1739 2801 omnipotenti
1771 2717 2127 2781 Dominofl‘
2221 2716 2307 2779 R.
2341 2717 2578 2777 Amen.

371 2819 575 2883 Aliud
642 2827 766 2896 est,
825 2826 902 2885 ut
962 2821 1376 2906 rapacitates
1438 2827 1507 2884 et
1560 2842 1790 2885 omnes
1843 2820 2240 2904 iniquitates
2293 2817 2615 2880 omnibus-

285 2925 613 3009 gradibus
644 2925 1026 2990 interdicat.
1116 2926 1205 2988 R.
1238 2926 1473 2989 Amen.

368 3029 673 3093 Tertium
715 3036 841 3105 est,
889 3034 965 3093 ut
1010 3030 1078 3092 in
1128 3031 1437 3094 omnibus
1474 3028 1752 3112 judiciis
1799 3029 2179 3111 aequitatem
2229 3030 2299 3090 et
2344 3025 2603 3088 miseri-

281 3132 578 3197 cordiam
611 3133 977 3218 praecipiat,
1012 3138 1087 3197 ut
1132 3155 1255 3218 per
1285 3135 1412 3197 hoc
1443 3133 1636 3197 nobis
1682 3132 2034 3217 indulgeat
2079 3128 2601 3195 misericordiam

283 3256 476 3301 suam
509 3236 800 3301 clemens
833 3243 904 3301 et
934 3238 1316 3302 misericors
1349 3238 1552 3301 Deus.
1644 3238 1879 3301 Amen.

298 3468 334 3502 ³⁸*
368 3469 461 3539 ley.
490 3468 550 3522 in
579 3468 734 3522 omni
760 3473 1016 3540 tempore.
