3117 5025
925 367 1025 431 De
1062 366 1438 430 Ordinibus
1474 366 1935 450 Consermdis.
2462 362 2593 425 313

270 568 582 654 placatus
629 571 923 649 intende,
956 592 1156 657 quem
1202 571 1341 636 tuis
1389 565 1708 636 sa'crariis
1755 569 2164 635 serviturum
2197 568 2264 631 in
2311 568 2596 633 officium

273 671 539 737 diaconi
611 672 1012 759 suppliciter
1076 674 1485 763 dedicamus.
1576 673 1669 738 Et
1734 693 1858 736 nos
1925 671 2214 755 quidem,
2275 677 2594 756 tanquam

273 770 580 839 homines
647 772 859 839 divini
935 794 1176 840 sensus
1252 783 1325 840 et
1392 795 1663 840 summae
1726 774 2012 840 rationis
2088 771 2334 859 ignari,
2395 774 2599 857 hujus

276 878 506 954 vitam,
551 886 875 963 quantum
920 899 1298 965 possumus,
1340 880 1773 945 aestimamus.
1863 877 1958 942 Te
2003 884 2252 952 autem,
2297 875 2598 954 Domine,

273 1000 356 1045 ea
385 1002 530 1066 quae
552 980 747 1046 nobis
780 990 939 1048 sunt
955 983 1194 1069 ignota
1221 1002 1354 1047 non
1376 989 1755 1059 transeunt,
1778 986 1847 1047 te
1873 980 2139 1046 occulta
2168 1001 2300 1044 non
2330 980 2597 1046 fallunt.

276 1085 382 1148 Tu
411 1086 720 1170 cognitor
742 1094 1174 1163 secretorum,
1199 1092 1275 1151 tu
1308 1092 1649 1152 scrutator
1670 1106 1747 1150 es
1764 1085 2084 1160 cordium,
2109 1090 2185 1148 tu
2216 1083 2367 1166 ejus
2389 1085 2597 1151 vitam

274 1186 531 1252 coelesti
577 1190 836 1273 poteris
886 1190 1271 1254 examinare
1315 1188 1593 1273 judicio,
1637 1209 1769 1274 quo
1820 1208 2086 1273 semper
2136 1189 2479 1273 praevales,
2530 1196 2599 1256 et

278 1289 577 1355 admissa
618 1313 931 1378 purgare,
966 1299 1039 1358 et
1082 1315 1165 1358 ea
1194 1314 1338 1378 quae
1384 1299 1540 1358 sunt
1583 1294 1849 1378 agenda
1877 1291 2259 1356 concedere.
2348 1293 2601 1359 Emitte

277 1393 351 1457 in
396 1416 570 1471 eum,
617 1394 919 1474 Domine,
953 1417 1351 1481 quaesumus,
1398 1398 1718 1483 Spiritum
1769 1397 2108 1471 Sanctum,
2140 1416 2271 1480 quo
2316 1396 2385 1460 in
2433 1420 2603 1483 opus

279 1497 640 1562 ministerii
704 1499 998 1564 fideliter
1066 1501 1475 1587 exsequendi
1544 1500 1957 1585 septiformis
2023 1500 2261 1585 gratiae
2328 1518 2602 1566 munere

282 1603 639 1666 roboretur
664 1603 733 1666 in
765 1601 985 1668 instar
1011 1604 1281 1669 illorum
1312 1625 1481 1689 quos
1511 1603 1580 1667 in
1628 1603 1903 1668 exordio
1935 1602 2279 1668 nascentis
2310 1602 2606 1671 ecclesiae

282 1704 574 1792 apostoli
621 1708 720 1771 tui
773 1706 1115 1790 adjutores
1163 1708 1291 1773 sibi
1335 1715 1405 1772 et
1449 1707 1729 1772 comites
1783 1706 2204 1772 addiderunt.
2292 1708 2610 1776 Abundet

283 1810 356 1872 in
389 1830 467 1872 eo
490 1808 701 1873 totius
724 1809 941 1874 forma
969 1810 1265 1888 virtutis,
1289 1810 1659 1875 auctoritas
1682 1810 2006 1886 modesta,
2029 1810 2244 1894 pudor
2272 1817 2611 1891 constans,

284 1911 680 1975 innocentiae
747 1912 1031 1997 puritas,
1098 1919 1168 1978 et
1226 1912 1554 1998 spiritalis
1619 1912 2004 1977 observatio
2064 1912 2472 1998 disciplinae;
2539 1917 2610 1982 in

284 2013 585 2078 moribus
617 2013 766 2096 ejus
797 2022 1131 2100 praecepta
1159 2022 1282 2081 tua
1310 2015 1641 2103 fulgeant,
1669 2022 1740 2080 et
1771 2033 1903 2079 suae
1934 2014 2273 2080 castitatis
2305 2002 2610 2104 exemplo

285 2116 729 2181 imitationem
790 2124 1028 2182 sancta
1086 2118 1278 2204 plebs
1337 2118 1680 2203 acquirat3
1753 2124 1823 2183 et
1880 2119 2125 2182 bonum
2188 2121 2608 2187 conscientiae

288 2220 749 2286 testimonium
794 2223 1162 2307 proferena,
1206 2222 1276 2288 in
1323 2223 1597 2289 Christo
1642 2223 1874 2287 firmus
1922 2228 1992 2287 et
2029 2221 2296 2288 stabilis
2337 2231 2610 2310 persev·-

292 2329 472 2401 eret;
520 2325 873 2410 dignisque
931 2328 1354 2393 successibus
1397 2328 1479 2391 de
1533 2325 1838 2390 inferiori
1891 2326 2104 2411 gradu
2151 2346 2273 2411 per
2323 2328 2613 2413 gratiam

292 2436 477 2495 tuam
509 2431 775 2516 potiora
804 2451 1045 2516 capere
1077 2439 1438 2498 mereatur.
1529 2433 1661 2498 Per
1690 2431 2070 2495 Dominum..

493 4405 686 4469 Pont.
718 4405 804 4469 39
