3117 5025
55 3044 70 3249 ‚W
42 2153 68 3033 afflssfflffi⁴
45 2113 46 2126 ⁴

974 428 1414 510 Confirmatio
1453 423 1853 489 Puerorum.
2433 417 2559 481 291

769 906 1427 987 [CONFIRMATIO
1475 907 2028 992 PUERORUM.]

563 1146 847 1212 Iucn’rr
897 1150 1097 1216 ORno
1145 1168 1244 1217 An
1287 1153 1888 1220 'CONFIRMANDUM
1936 1161 2239 1215 russos.

338 1352 779 1439 Omnipotens
808 1358 1018 1437 Deus,
1051 1363 1165 1445 qui
1206 1384 1612 1448 regenerare
1654 1362 1974 1446 dignatus
2020 1379 2092 1422 es
2123 1357 2247 1420 hos
2277 1351 2568 1419 famulos

246 1460 405 1520 tuos
434 1460 583 1541 (vel
610 1461 737 1526 has
767 1462 1059 1529 famulas
1090 1466 1276 1551 tuas)
1311 1488 1394 1530 ex
1425 1488 1603 1550 aqua
1633 1471 1703 1530 et
1736 1463 1996 1549 Spiritu
2026 1461 2293 1533 Sancte,
2316 1456 2562 1542 quique

247 1553 492 1621 dedisti
526 1560 625 1623 eis
670 1564 1138 1628 remissionem
1173 1567 1464 1629 omnium
1498 1569 1967 1651 peccatorum3
2015 1560 2302 1624 immitte
2346 1558 2415 1620 in
2448 1575 2564 1620 eos

247 1661 705 1742 septiformem
740 1665 1062 1751 Spiritum
1091 1669 1409 1733 Sanctum
1442 1668 1858 1734 Paraclitum
1890 1667 1971 1730 de
2003 1664 2208 1740 coelis,
2235 1659 2561 1745 Spiritum

244 1765 588 1848 sapientiae
613 1774 682 1832 et
713 1769 1121 1849 intellectus,
1150 1772 1473 1856 Spiritum
1499 1772 1793 1836 scientiae
1818 1776 1890 1835 et
1914 1769 2209 1855 pietatiS,
2238 1765 2562 1851 Spiritum

249 1868 512 1932 consilii
545 1875 617 1934 et
645 1872 1102 1950 fortitudinis3
1152 1883 1222 1939 et
1252 1876 1460 1960 imple
1493 1897 1610 1939 eos
1639 1875 1789 1958 (vel
1832 1874 1978 1959 eas>
2012 1871 2270 1957 Spiritu
2303 1867 2564 1932 timoris

249 1970 559 2050 Domini;
615 1980 686 2039 et
736 1971 1061 2063 consigna
1113 2000 1230 2043 eos
1281 1980 1431 2062 (vel
1482 1980 1629 2064 eas)
1679 1980 1871 2063 signo
1927 1982 2176 2041 sanctae
2226 1973 2444 2038 crucis
2496 1972 2566 2035 in

253 2073 464 2138 vitam
492 2078 904 2163 propitiatus
935 2086 1279 2146 fleternam.

335 2178 497 2236 Tunc
523 2180 801 2256 inquisito
827 2184 1056 2242 ‘nomine
1095 2183 1409 2260 cujuslibet,
1442 2193 1494 2243 et
1510 2185 1721 2264 pollice
1760 2184 2064 2242 chrismate
2101 2188 2287 2252 uncto,
2306 2177 2568 2258 pontifiex

239 2272 438 2347 faciat
461 2295 681 2333 crucem
707 2277 773 2334 in
796 2277 1155 2353 sinyulorum
1167 2278 1381 2355 fronte,
1412 2280 1621 2339 dicem.
2208 2296 2213 2300 '

339 2371 546 2456 Signo
600 2377 669 2437 te
724 2374 919 2459 signo
974 2383 1220 2441 sanctae
1273 2377 1513 2454 crucis,
1568 2382 1638 2442 et
1697 2375 2016 2442 confirmo
2075 2378 2144 2438 te
2205 2372 2568 2436 chrismate

257 2474 519 2553 salutis,
551 2476 621 2541 in
654 2478 921 2543 nomine
953 2479 1179 2545 Patris
1211 2484 1281 2546 et
1309 2479 1389 2560 »Β
1421 2479 1581 2544 Filii
1616 2485 1685 2544 et
1718 2478 2007 2563 Spiritus
2043 2475 2294 2542 Sancti.

340 2579 612 2656 Sequitur
637 2581 924 2640 Psalmus.

340 2675 513 2740 Ecce
547 2676 645 2740 sic
668 2677 1103 2742 benedicetur
1130 2680 1348 2755 homo,
1375 2681 1488 2763 qui
1520 2681 1717 2744 timet
1736 2677 2115 2744 Dominum.
2207 2673 2571 2739 Benedicat

252 2777 377 2841 tibi
423 2777 756 2843 Dominus
804 2801 885 2842 ex
935 2780 1113 2856 Sion,
1159 2786 1236 2845 ut
1281 2782 1510 2847 videas
1555 2783 1736 2846 bona
1780 2779 2213 2845 Hierusalem
2261 2777 2569 2842 omnibus

259 2881 496 2946 diebus
527 2882 679 2945 vitae
712 2888 864 2947 tuae.

345 2982 577 3049 Gloria
605 2985 818 3049 Patri.

347 3086 533 3152 Sicut
561 3093 730 3152 erat.

355 3191 432 3253 V.
522 3190 778 3256 Emitte
814 3192 1142 3278 Spiritum
1176 3198 1391 3270 tuum,
1428 3200 1498 3259 et
1528 3196 1961 3259 creabuntur.

340 3295 428 3359 R.
518 3293 610 3359 Et
639 3297 1005 3361 renovabis
1034 3296 1278 3361 faciem
1311 3303 1532 3361 terrae.

343 3399 487 3463 Pax
517 3402 763 3463 tecum.

340 3503 432 3568 Et
460 3525 609 3567 cum
642 3503 885 3588 spiritu
916 3510 1056 3570 tuo,

340 3608 550 3684 Deus,
583 3607 698 3692 qui
743 3609 1074 3693 apostolis
1119 3611 1260 3675 tuis
1308 3611 1625 3676 Sanctum
1674 3610 1918 3675 dedisti
1952 3609 2296 3694 Spiritum,
2329 3606 2575 3691 quique

259 3734 381 3797 per
434 3732 551 3775 eos
604 3732 968 3796 eorumque
1034 3735 1459 3778 successores
1508 3715 1756 3779 ceteris
1813 3713 2126 3778 fidelibus
2171 3712 2574 3778 tradendum

260 3836 408 3882 esse
434 3814 750 3895 voluisti3
799 3817 1058 3900 respice
1083 3818 1421 3902 propitius
1445 3819 1528 3883 ad
1559 3806 1803 3883 nostrae
1828 3817 2235 3882 humilitatis
2266 3816 2576 3891 officium,

261 3926 332 3985 et
394 3927 664 4007 praesta,
710 3927 789 3985 ut
854 3921 1096 3985 horum
1164 3922 1386 3998 corda,
1457 3943 1739 4006 quorum
1806 3922 2068 3986 frontes
2141 3923 2573 3986 sacrosancto

260 4022 620 4088 chrismate
651 4023 1083 4087 delinivimus
1115 4027 1185 4088 et
1216 4025 1410 4110 signo
1453 4030 1701 4089 sanctae
1746 4026 1965 4088 crucis
2009 4024 2574 4110 consignavimus,

254 4128 434 4192 idem
483 4128 774 4214 Spiritus
828 4128 1118 4194 Sanctus
1163 4128 1531 4193 adveniens
1583 4129 1913 4212 templum
1959 4129 2191 4214 gloriae
2246 4149 2380 4193 suae
2428 4128 2575 4211 dig-

260 4236 502 4296 nanter
566 4231 1004 4298 inhabitando
1064 4232 1393 4317 perficiat.
1502 4231 1635 4297 Per
1698 4230 2078 4295 Dominum.
2172 4231 2252 4294 In
2311 4232 2575 4296 unitate

266 4334 584 4418 ejusdem.
1091 4360 1097 4367 ·

447 4440 571 4505 36*
