3117 5025
447 406 571 469 196
825 407 1228 470 Benedictio
1259 404 1476 479 Salis,
1511 407 1757 486 Aquoe,
1794 401 2062 465 Cinea-is
2093 408 2155 463 et
2200 398 2382 460 Vini.

528 611 665 668 Post
690 610 805 669 Izaec
833 612 1142 670 misceatur
1167 610 1256 668 sal
1294 618 1345 668 et
1371 609 1540 682 cinis,
1570 608 1871 685 mittatque
1897 626 1964 664 ex
2002 605 2085 664 eis
2111 605 2401 683 episcopus
2441 604 2510 661 in
2535 600 2768 660 modum

444 707 633 766 crucis
657 706 726 766 in
752 707 945 785 ipsam
972 727 1204 784 aquam,
1232 707 1445 766 dicens.

533 802 693 867 Haec
747 802 1133 868 commixtio
1189 803 1356 868 salis
1408 808 1479 868 et
1529 802 1775 867 cineris
1827 822 1977 866 cum
2032 820 2210 883 aqua
2258 794 2633 867 benedicta,
2679 790 2774 853 sit

451 904 954 991 sanctiux-ficata
997 906 1082 970 ad
1128 906 1703 970 consecrationem
1748 905 1987 968 harum
2032 919 2527 985 campanarum,
2571 894 2776 977 hujus

452 1007 769 1086 ecclesiae,
822 1014 893 1073 et
945 1009 1187 1073 altaris
1237 1009 1416 1093 (vel)
1469 1007 1849 1083 coemeterii‚
1895 1012 1967 1071 et
2016 1006 2100 1072 ad
2156 999 2770 1081 reconciliationem

448 1111 814 1187 ‚eorundem
845 1111 915 1174 in
944 1112 1211 1175 nomine
1245 1111 1532 1176 Domini.
1624 1111 1861 1175 Amen.

540 1213 871 1278 Dominus
901 1215 1267 1279 vobiscum.

543 1317 629 1381 Et
661 1339 810 1382 cum
845 1317 1089 1402 spirit-u
1120 1327 1261 1382 tuo.

541 1419 748 1497 Deus,
779 1421 1043 1486 invictae
1089 1420 1366 1485 virtutis
1409 1424 1669 1495 auctor,
1706 1425 1777 1483 et
1818 1414 2292 1502 insuperabilis
2338 1412 2596 1498 imperii
2635 1431 2780 1487 rex,

458 1547 537 1590 ac
582 1546 847 1610 semper
874 1526 1273 1611 magnificus
1317 1524 1790 1609 triumphator,
1825 1522 1939 1606 qui
1979 1522 2273 1586 adversae
2316 1516 2785 1583 dominationis

459 1629 637 1692 vires
688 1629 1023 1712 reprimis,
1074 1628 1189 1712 qui
1241 1627 1493 1690 inimici
1543 1626 1881 1712 rugientis
1934 1625 2259 1690 saevitiam
2314 1641 2615 1706 superas,
2669 1621 2784 1704 qui

458 1732 743 1799 hostiles
787 1732 1126 1814 nequitias
1171 1735 1487 1816 potenter
1531 1750 1902 1814 expugnas,
1951 1737 2042 1804 te,
2072 1728 2376 1802 Domine,
2422 1730 2790 1789 trementes

456 1841 528 1898 et
559 1834 896 1917 supplices
939 1834 1379 1919 deprecamur
1424 1855 1503 1897 ac
1535 1834 1851 1917 petimus,
1886 1840 1964 1898 ut
1994 1833 2166 1895 hanc
2210 1837 2585 1894 creaturam
2620 1827 2786 1892 salis

458 1941 529 2001 et
580 1937 880 2000 cinerum
936 1942 1007 2001 et
1058 1958 1244 2020 aquae
1298 1937 1661 2021 dignanter
1713 1935 2025 2018 accipias,
2072 1934 2403 2018 benignus
2456 1932 2783 2007 illustres,

462 2040 740 2124 pietatis
788 2044 916 2103 tuae
962 2060 1112 2103 rore
1160 2040 1642 2122 sanctifflfices,
1688 2042 1768 2102 ut
1811 2039 2184 2120 ubicunque
2236 2035 2445 2099 fuerit·
2488 2056 2788 2119 aspersa,

461 2163 578 2226 per
606 2143 1096 2206 invocationem
1122 2143 1338 2208 sancti
1370 2143 1663 2206 nominis
1688 2143 1811 2218 tui,
1833 2141 2052 2204 omnis
2083 2140 2432 2204 infestatio
2463 2140 2784 2202 immundi

464 2245 741 2331 spiritus
762 2245 1143 2329 abjiciatur,
1156 2252 1505 2329 terrorque
1527 2244 1841 2309 venenosi
1867 2242 2202 2327 serpentis
2223 2242 2449 2328 procul
2473 2242 2788 2326 pellatur,

465 2357 537 2413 et
567 2349 924 2433 praesentia
971 2349 1199 2414 Sancti
1233 2348 1526 2433 Spiritus
1573 2346 2100 2410 misericordiam
2133 2351 2315 2410 tuam
2364 2345 2795 2429 poscentibus

467 2452 714 2536 ubique
746 2452 984 2517 adesse
1008 2452 1346 2537 dignetur.
1437 2451 1570 2515 Per
1599 2449 1980 2513 Dominum.
2073 2449 2152 2513 ln
2185 2450 2443 2515 unitate
2477 2449 2795 2532 ejusdem.
2890 2436 2895 2445 ’

556 2558 958 2621 Benedictio
989 2557 1157 2619 vini.

554 2658 879 2723 Dominus
914 2659 1277 2722 vobiscum.

557 2762 860 2825 Oremus.

555 2864 742 2929 Deus
802 2863 1244 2948 omnipotens,
1299 2864 1411 2947 qui
1473 2863 1540 2927 in
1600 2862 1783 2928 Cana
1844 2861 2129 2929 Galilaeae
2190 2863 2414 2927 vinum
2477 2887 2557 2929 ex
2619 2886 2798 2948 aqua

474 2968 714 3044 fecisti,
747 2967 863 3052 qui
894 2988 967 3031 es
998 2968 1160 3032 vitis
1205 2988 1386 3043 vera,
1418 2967 1799 3052 multiplica
1845 2987 2047 3051 super
2077 2986 2309 3030 servos
2356 2974 2510 3034 tuos
2539 2969 2802 3033 miseri-

474 3071 764 3136 cordiam
798 3071 1077 3156 pietatis
1101 3077 1251 3147 tuae,
1278 3076 1346 3135 et
1377 3070 1851 3151 beneffldicere
1884 3076 1955 3134 et
1979 3070 2474 3150 sanctifflficare
2504 3071 2809 3156 digneris

474 3176 644 3240 hanc
677 3181 1055 3239 creaturam
1088 3174 1251 3249 vini,
1284 3179 1362 3238 ut
1409 3175 1719 3257 quicquid
1756 3195 1836 3237 ex
1869 3194 1948 3237 eo
1995 3180 2249 3238 tactum
2281 3174 2387 3238 vel
2419 3196 2802 3259 respersum

467 3277 693 3355 fuerit,
725 3298 844 3362 per
890 3277 1110 3342 sancti
1142 3275 1430 3340 nominis
1475 3277 1575 3340 tui
1609 3276 2098 3341 invocationem
2146 3278 2680 3360 sanctifflficetur
2726 3288 2804 3344 et

470 3382 707 3446 divinae
782 3380 1349 3464 beneffldictionis
1416 3379 1765 3464 opulentia
1837 3379 2201 3463 repleatur.
2288 3380 2414 3464 Qui
2482 3381 2651 3445 vivis
2726 3390 2806 3446 et

472 3505 718 3571 regnas
759 3506 907 3548 cum
954 3483 1098 3547 Deo
1144 3484 1349 3548 Patre
1395 3484 1463 3546 in
1516 3482 1774 3546 unitate
1826 3481 2119 3566 Spiritus
2174 3481 2400 3548 Sancti
2451 3484 2634 3548 Deus
2681 3506 2809 3569 per

473 3591 696 3654 omnia
727 3588 969 3653 saecula
999 3587 1411 3653 saeculorum.

552 3692 780 3751 Deinde
808 3692 1038 3748 misceat
1070 3693 1270 3749 vinum
1297 3711 1425 3748 cum
1455 3710 1611 3766 aqua
1640 3689 1707 3748 in
1733 3689 1965 3746 modum
1993 3691 2195 3761 crucis,
2226 3690 2434 3748 dicens.

556 3787 714 3852 Fiat
741 3787 881 3849 haec
912 3786 1296 3849 commixtio
1331 3785 1466 3848 vini
1514 3790 1587 3849 et
1616 3806 1801 3868 aquae
1835 3784 2255 3848 sanctificata
2282 3785 2367 3849 ad
2398 3788 2811 3851 consecrati-

464 3911 658 3955 onem
715 3889 950 3972 harum
1001 3909 1498 3971 campanarum,
1554 3888 1760 3969 hujus
1814 3885 2108 3949 ecclesiae
2169 3893 2241 3952 et
2292 3886 2552 3964 altaris,
2611 3889 2811 3972 (vel)

467 3992 847 4068 coemeterii,
866 3992 1059 4074 (vel)
1088 3993 1175 4057 ad
1199 3991 1815 4056 reconciliationem
1842 3991 2223 4067 eorundem,
2244 3991 2311 4054 in
2340 3990 2608 4056 Christo
2639 3993 2679 4057 J
2686 4015 2816 4058 esu

474 4098 757 4164 Domino
790 4101 1041 4159 nostro.
1135 4099 1369 4158 Amen.

561 4201 888 4266 Dominus
923 4199 1282 4261 vobiscum.
