3117 5025
684 392 1086 455 Benedictio
1117 390 1393 454 Incensi
1423 392 1497 453 in
1534 392 1841 455 Sabbato
1874 393 2161 455 Sancto.
2457 393 2588 456 303

1397 666 1452 730 Ι.

730 836 1354 905 CONSECRATIO
1398 836 2096 906 THYMIAMATIS.

353 1009 672 1074 Exorcizo
717 1016 808 1087 te,
840 1010 1058 1075 omnis
1102 1010 1640 1075 immundissime
1675 1010 1977 1096 spiritus,
2010 1032 2206 1076 omne
2251 1010 2596 1077 fantasma

268 1111 543 1188 inimici,
574 1113 644 1176 in
675 1110 943 1178 nomine
975 1112 1099 1185 Dei
1131 1112 1359 1178 Patris
1389 1114 1907 1199 omnipotentis,
1940 1117 2012 1179 et
2041 1114 2111 1177 in
2142 1113 2186 1179 J
2190 1135 2310 1179 esu
2343 1113 2604 1179 Christi

272 1213 431 1278 Filii
477 1214 627 1298 ejus
672 1220 744 1281 et
789 1215 1082 1301 Spiritus
1132 1215 1387 1292 Sancti,
1419 1222 1497 1280 ut
1542 1216 1805 1282 exeatis
1851 1222 1921 1282 et
1964 1217 2298 1282 recedatis
2344 1219 2429 1282 ab
2474 1219 2602 1283 hac

277 1318 499 1403 specie
529 1317 998 1402 thymiamatis
1033 1318 1175 1382 sive
1207 1318 1462 1384 incensi
1491 1339 1641 1383 cum
1675 1319 1859 1382 omni
1890 1318 2165 1384 fallacia
2193 1340 2271 1383 ac
2303 1320 2609 1403 nequitia

274 1430 523 1502 vestra,
579 1432 657 1490 ut
716 1425 806 1489 sit
865 1425 1004 1489 haec
1066 1424 1329 1509 species
1391 1424 1817 1489 sanctificata
1875 1424 1945 1487 in
2005 1424 2272 1488 nomine
2334 1425 2603 1491 Domini

277 1528 494 1592 nostri
523 1526 566 1591 J
569 1549 689 1592 esu
721 1525 1002 1603 Christi,
1034 1531 1110 1591 ut
1154 1546 1388 1591 omnes
1418 1531 1794 1611 gestantes,
1828 1532 2213 1613 tangent-es,
2245 1527 2606 1594 odorantes

275 1651 444 1707 eam,
476 1631 796 1694 virtutem
830 1635 901 1694 et
933 1629 1263 1694 auxilium
1294 1629 1677 1715 percipiant
1724 1630 2018 1716 Spiritus
2064 1629 2336 1708 Sancti3
2383 1631 2484 1697 ita
2528 1638 2608 1696 ut

269 1755 405 1797 non
449 1732 696 1797 ibidem
740 1732 857 1796 ubi
902 1734 1041 1797 haec
1086 1733 1366 1797 incensa
1407 1731 1513 1797 vel
1557 1733 2003 1817 thymiamata
2046 1734 2321 1811 fuerint,
2354 1745 2597 1820 appro-

277 1836 604 1920 pinquare
651 1834 966 1901 audeatis
997 1856 1119 1900 nec
1150 1835 1440 1900 adversa
1479 1835 1782 1899 inserere
1814 1838 2264 1919 praesumatis.
2352 1837 2610 1921 Adjuro

277 1948 347 2004 te
378 1958 501 2023 per
530 1959 784 2017 nomen,
803 1942 874 2002 et
901 1959 1024 2022 per
1054 1938 1377 2002 virtutem
1408 1937 1536 2001 Dei
1564 1938 1794 2003 Patris
1827 1938 2309 2023 omnipotentis
2339 1945 2412 2005 et
2438 1939 2482 2005 J
2485 1962 2605 2006 esu

283 2042 536 2106 Christi
567 2041 725 2106 Filii
754 2043 924 2126 ejus,
959 2042 1075 2128 qui
1108 2046 1439 2107 venturus
1482 2047 1591 2106 est
1620 2041 1691 2104 in
1725 2039 1981 2126 Spiritu
2015 2041 2261 2106 Sancto
2300 2042 2606 2126 judicare

283 2145 473 2210 vivos
533 2166 610 2209 ac
667 2149 971 2209 mortuos
1038 2150 1111 2208 et
1176 2165 1295 2209 vos
1357 2144 1911 2230 praevaricatores
1972 2148 2045 2209 et
2106 2144 2420 2209 saeculum
2482 2168 2603 2233 per

287 2250 537 2335 iguem.
626 2250 867 2313 Amen.

372 2354 727 2418 AEternam
774 2370 853 2416 ac
890 2349 1342 2435 justissimam
1389 2349 1715 2434 pietatem
1755 2355 1942 2414 tuam
1988 2348 2443 2435 deprecamur,
2475 2351 2608 2417 Do-

275 2459 474 2536 mine,
497 2456 919 2524 sanctissime
942 2456 1165 2532 Pater,
1187 2454 1611 2541 omnipotens
1631 2459 1877 2520 aeterne
1897 2453 2100 2532 Deus,
2124 2460 2201 2521 ut
2220 2456 2610 2521 benedicere

283 2562 583 2649 digneris
614 2564 755 2626 haec
786 2560 1231 2645 thymiamata
1263 2559 1371 2624 vel
1405 2558 1664 2623 incensi
1698 2558 2010 2643 speciem,
2038 2562 2116 2623 ut
2148 2558 2238 2624 sit
2269 2560 2610 2625 incensum

281 2665 625 2751 majestati
668 2670 800 2729 tuae
842 2662 911 2727 in
967 2661 1169 2727 odore
1225 2662 1586 2726 suavitatis
1640 2665 2010 2746 acceptum.
2104 2660 2208 2726 Sit
2251 2679 2293 2726 a
2347 2670 2413 2727 te
2466 2664 2606 2728 haec

287 2769 545 2856 species
597 2766 971 2842 benedicta,
1027 2765 1118 2830 sit
1169 2785 1290 2850 per
1349 2764 1838 2828 invocationem
1904 2763 2121 2827 sancti
2173 2764 2461 2828 nominis
2515 2765 2615 2831 tui

290 2871 729 2945 sanctificata,
753 2869 852 2933 ita
882 2873 960 2932 ut
990 2867 1366 2951 ubicunque
1390 2867 1617 2930 fumus
1642 2866 1792 2949 ejus
1824 2865 2225 2951 pervenerit,
2252 2867 2621 2933 extricetur

291 2980 360 3040 et
422 2973 760 3059 effugetur
826 2969 911 3035 ab
981 2990 1061 3034 eo
1130 2970 1277 3034 loco
1337 2986 1532 3033 omne
1601 2987 1818 3054 genus
1886 2968 2379 3046 daemoniorum,
2442 2971 2617 3037 sicut

289 3079 568 3141 incensu
618 3073 871 3158 jecoris
932 3073 1161 3158 piscis,
1216 3093 1412 3155 quem
1467 3071 1776 3156 Raphael
1837 3071 2286 3158 archangelus
2340 3074 2615 3140 Tobiam

297 3177 620 3245 famulum
652 3180 845 3241 tuum
880 3196 1086 3259 super
1116 3176 1441 3240 carbones
1473 3195 1724 3259 ponere
1756 3173 2003 3251 docuit,
2029 3196 2176 3239 cum
2208 3176 2511 3242 ascendit
2540 3177 2624 3242 ad

299 3282 479 3347 Sarae
506 3279 999 3344 liberationem.
1089 3277 1477 3343 Descendat
1498 3276 1874 3342 benedictio
1906 3294 2110 3361 super
2131 3277 2304 3342 hanc
2334 3278 2622 3363 speciem

292 3384 549 3450 incensi
593 3387 665 3448 et
707 3382 1189 3467 thymiamatis,
1223 3381 1400 3447 sicut
1443 3381 1514 3444 in
1561 3381 1678 3445 illo
1723 3380 1804 3444 de
1849 3401 1979 3464 quo
2025 3379 2245 3444 David
2290 3383 2622 3466 propheta

298 3495 458 3555 tuus
481 3485 722 3552 cecinit
751 3485 1018 3560 diceus;
1068 3492 1108 3519 “
1130 3483 1483 3570 Dirigatur
1523 3482 1741 3548 oratio
1771 3503 1924 3546 mea
1969 3481 2145 3547 sicut
2173 3482 2519 3547 incensum
2551 3484 2620 3548 in

300 3595 662 3677 conspectu
707 3594 887 3675 tuo.”
983 3588 1090 3653 Sit
1131 3590 1258 3653 hoc
1302 3589 1644 3654 incensum
1693 3587 1887 3651 nobis
1932 3585 2096 3650 odor
2124 3587 2623 3665 consolationis,

301 3694 663 3762 suavitatis
709 3698 781 3758 et
825 3692 1084 3779 gratiae,
1130 3698 1208 3759 ut
1250 3692 1433 3756 fumo
1480 3692 1613 3756 isto
1659 3692 1998 3776 effugetur
2051 3712 2243 3755 omne
2286 3691 2629 3758 fantasma

300 3799 547 3864 mentis
578 3802 649 3862 et
681 3795 1004 3881 corporis,
1033 3802 1109 3861 ut
1133 3796 1362 3872 simus,
1387 3793 1911 3880 Pauli,apostoli
1941 3815 2123 3872 voce,
2151 3801 2190 3831 ‘⁸
2212 3795 2427 3859 bonus
2459 3796 2623 3860 odor

301 3903 445 3967 Deo
473 3900 544 3963 in
567 3899 747 3964 omni
779 3898 987 3963 loco.'’
1079 3897 1429 3983 Effugiant
1459 3918 1500 3961 a
1522 3896 1693 3960 facie
1725 3894 1931 3980 hujus
1961 3897 2216 3961 incensi
2239 3902 2309 3961 et
2339 3897 2623 3982 thymia·

309 4005 511 4071 matis
542 4001 760 4067 omnis
803 4001 1116 4067 incursus
1160 4000 1658 4076 daemoniorum,
1693 3998 1868 4064 sicut
1896 3998 2123 4083 pulvis
2170 4021 2212 4064 a
2240 4000 2413 4064 facie
2444 4001 2631 4064 venti

312 4115 382 4173 et
442 4108 617 4173 sicut
666 4107 891 4171 fumus
950 4128 991 4170 a
1043 4106 1213 4171 facie
1263 4103 1462 4190 ignis.
1549 4103 1822 4180 Praesta,
1879 4124 2277 4186 quaesumus,
2331 4104 2629 4188 piissime

316 4213 542 4286 Pater,
587 4210 714 4272 hoc
768 4208 923 4274 boni
975 4208 1200 4273 odoris
1252 4207 1601 4272 incensum
1657 4206 1740 4270 ad
1796 4227 1963 4291 opus
2013 4207 2309 4273 ecclesiae
2365 4210 2496 4270 tuae
2550 4207 2635 4271 ob

314 4335 585 4380 causam
618 4312 972 4397 religionis
1011 4311 1271 4397 jugiter
1311 4330 1725 4394 permanere,
1760 4315 1838 4374 ut
1868 4311 2153 4394 mystica
2182 4309 2376 4373 nobis
2423 4309 2631 4394 signi-
