3117 5025
1090 407 1536 472 Consecratio
1566 407 1799 493 Reyia
2465 406 2594 473 271

282 606 371 672 da
432 609 592 675 huic
649 609 903 676 famulo
962 615 1083 677 tuo
1141 611 1240 678 ill.
1303 612 1612 696 spiritum
1669 614 2014 700 sapientiae
2073 634 2224 678 cum
2284 612 2610 716 regimine

275 709 668 798 disciplinae,
691 718 770 778 ut
803 714 929 779 tibi
950 720 1098 781 toto
1130 716 1326 780 corde
1350 716 1682 782 devotus
1663 738 1734 780 1n
1764 716 1957 803 regni
1978 715 2306 802 regimine
2336 721 2608 779 maneat

285 833 553 900 semper
593 816 897 894 idoneus,
943 822 1192 903 tuoque
1237 840 1513 884 munere
1557 820 1774 905 ipsius
1821 820 2238 904 temporibus
2284 818 2611 882 securitas

274 916 575 983 ecclesiae
636 919 991 1006 dirigatur,
1048 926 1120 986 et
1180 922 1248 985 in
1293 922 1815 1006 ,tranquillitate
1882 922 2153 987 devotio
2216 919 2605 986 Christiana

283 1026 698 1104 permaneat,
747 1028 826 1087 ut
881 1024 950 1088 in
1003 1024 1200 1089 bonis
1261 1025 1577 1110 operibus
1628 1046 2088 1110 perseverans,
2141 1026 2226 1091 ad
2287 1029 2607 1089 aeternum

283 1141 568 1208 regnum
596 1129 666 1190 te
695 1125 862 1190 duce
893 1126 1124 1192 valeat
1152 1127 1523 1213 pervenire.
1613 1129 1762 1194 Per.

365 1228 522 1286 Alia
548 1230 753 1289 oratio.

371 1324 452 1390 In
500 1323 736 1392 diebus
782 1328 921 1392 tuis
968 1329 1229 1395 oriatur
1273 1330 1582 1394 omnibus
1626 1330 1909 1415 aequitas
1941 1333 2011 1394 et
2046 1328 2341 1412 justitia,
2372 1325 2619 1415 amicis-

282 1428 716 1513 adjutorium,
760 1432 1051 1498 inimicis
1103 1433 1547 1512 obstaculum,
1589 1434 1957 1499 humilibus
2012 1434 2353 1509 solatium,
2407 1430 2605 1495 elatis

278 1534 626 1613 correctio,
687 1536 1012 1601 divitibus
1071 1537 1394 1616 doctrina,
1455 1539 1865 1624 pauperibus
1923 1537 2164 1623 pietas,
2223 1532 2601 1622 peregrinis

282 1626 680 1719 pacificatiO,
703 1639 995 1723 propriis
1016 1639 1086 1705 in
1109 1640 1334 1725 patria
1356 1662 1486 1725 pax
1510 1645 1580 1705 et
1605 1640 1955 1705 securitas.
2045 1641 2606 1729 Unumquemque

289 1739 654 1803 secundum
715 1761 904 1805 suam
960 1762 1346 1807 mensuram
1404 1743 1748 1809 moderate
1807 1744 2214 1829 gubernans,
2265 1751 2336 1809 te
2395 1746 2609 1831 ipsum

290 1839 566 1905 sedulus
618 1842 966 1921 discutias,
1019 1849 1097 1909 ut
1159 1865 1453 1930 superna
1511 1845 1841 1931 irrigatus
1901 1847 2407 1931 compunctione
2468 1854 2613 1914 toto

284 1944 534 2027 populo
587 1943 841 2012 Christi
888 1946 1147 2033 placita
1190 1949 1486 2033 praebere
1530 1948 1685 2013 vitae
1730 1948 1953 2034 possis
1999 1950 2325 2035 exempla,
2373 1956 2444 2017 et
2485 1973 2609 2036 per

287 2048 464 2111 viam
496 2048 807 2115 veritatis
835 2071 985 2115 cum
1028 2071 1236 2138 grege
1265 2051 1582 2137 gradiens
1629 2052 1753 2117 tibi
1799 2051 2086 2130 subdito,
2119 2074 2280 2137 opes
2308 2054 2611 2141 frugales

286 2149 707 2216 abundanter
773 2153 1109 2237 acquiras.
1201 2153 1415 2219 Simul
1479 2154 1565 2220 ad
1634 2153 1925 2219 salutem
1985 2175 2121 2219 non
2182 2156 2402 2221 solum
2443 2153 2608 2222 vcor-

286 2274 524 2338 porum
578 2255 698 2319 sed
747 2256 950 2321 etiam
998 2256 1296 2322 cordium
1349 2279 1392 2323 a
1439 2256 1584 2323 Deo
1637 2278 1959 2322 concessa
2006 2265 2246 2324 cuncta
2297 2260 2610 2346 accipias.

290 2358 531 2442 Sicque
560 2357 632 2421 in
677 2364 746 2424 te
790 2361 1161 2446 cogitatum
1207 2361 1415 2426 animi
1459 2361 1945 2446 consiliumque
1991 2383 2185 2426 omne
2230 2385 2608 2449 componas,

284 2465 366 2527 ut
411 2460 630 2547 plebis
677 2462 1135 2547 gubernacula
1181 2484 1332 2528 cum
1379 2485 1545 2550 pace
1595 2463 1796 2529 simul
1843 2469 1912 2530 et
1965 2464 2298 2550 sapientia
2347 2486 2612 2554 semper

283 2567 589 2632 invenire
631 2568 953 2647 videaris3
1001 2567 1271 2634 Christo
1312 2568 1684 2634 auxiliante
1726 2569 2076 2654 praesentis
2125 2570 2277 2635 vitae
2326 2571 2606 2656 prolixi-

284 2679 501 2739 tatem
552 2674 903 2760 percipias,
945 2679 1017 2740 et
1060 2695 1182 2759 per
1223 2673 1624 2760 temporalia
1666 2675 1843 2740 bona
1883 2694 2095 2758 usque
2141 2675 2226 2739 ad
2280 2696 2603 2741 summam

286 2781 700 2843 senectutem
730 2777 1105 2861 pervenias,
1128 2778 1459 2862 hujusque
1482 2776 1884 2863 fragilitatis
1905 2777 2106 2840 finem
2129 2778 2494 2862 perfectum
2519 2781 2604 2846 ab

285 2879 593 2943 omnibus
623 2879 939 2945 vitiorum
962 2878 1250 2944 vinculis
1282 2899 1582 2964 supernae
1614 2879 1888 2963 pietatis
1919 2878 2240 2965 largitate
2263 2886 2606 2947 transcen-

288 2982 430 3060 das,
463 2988 535 3049 et
575 2981 847 3048 infinitae
890 2983 1360 3068 prosperitatis
1404 2983 1677 3067 praemia
1719 2989 2046 3068 perpetua
2088 2984 2609 3071 angelorumque

290 3089 541 3150 aeterna
570 3086 968 3150 commercia
996 3085 1450 3169 consequaris.
1538 3084 1688 3148 Per.

376 3188 738 3247 &omem-atio
763 3188 912 3264 reqis
938 3188 1010 3245 ab
1035 3187 1291 3265 episcopo
1317 3186 1423 3264 qui
1446 3206 1635 3246 arcem
1662 3186 1903 3245 tenuerit
1929 3207 2105 3263 super
2123 3207 2249 3245 eum
2277 3189 2538 3249 dicenda.

379 3283 813 3369 Omnipotens
844 3284 1251 3369 sempiterne
1281 3282 1488 3361 Deus,
1521 3288 1788 3348 creator
1817 3304 1895 3347 ac
1923 3285 2337 3369 gubernator
2364 3285 2510 3350 coeli
2541 3293 2611 3351 et

285 3393 502 3465 terrae,
564 3387 871 3453 conditor
928 3392 998 3452 et
1056 3386 1422 3470 dispositor
1480 3385 1875 3471 angelorum
1937 3390 2008 3449 et
2064 3384 2427 3464 hominum,
2487 3409 2607 3451 rex

289 3514 526 3579 regum
555 3497 627 3558 et
656 3492 964 3557 dominus
994 3491 1429 3567 dominorum,
1461 3490 1573 3575 qui
1619 3490 1962 3554 Abraham
1991 3488 2256 3554 fidelem
2284 3489 2609 3554 famulum

293 3604 484 3663 tuum
527 3595 609 3660 de
652 3594 964 3659 hostibus
1007 3593 1421 3679 triumphare
1464 3592 1709 3669 fecisti,
1740 3591 1962 3676 Moysi
2000 3596 2070 3656 et
2112 3591 2156 3656 J
2159 3612 2334 3657 osuae
2364 3593 2610 3677 populo

290 3707 409 3767 tuo
438 3697 736 3785 praelatis
766 3695 1204 3782 multiplicem
1233 3696 1585 3760 victoriam
1627 3694 1949 3771 tribuisti,
1981 3693 2302 3758 humilem
2346 3716 2607 3780 quoque

296 3804 514 3870 David
541 3821 822 3887 puerum
853 3804 1044 3864 tuum
1074 3799 1266 3885 regni
1309 3798 1587 3883 fastigio
1618 3797 2020 3874 sublimasti,
2053 3818 2336 3881 eumque
2366 3799 2449 3863 de
2495 3821 2609 3863 ore

292 3907 507 3972 leonis
538 3911 608 3970 et
635 3904 718 3969 de
747 3924 953 3967 manu
972 3901 1204 3966 bestiae
1235 3906 1437 3986 atque
1470 3900 1675 3966 Goliae
1701 3901 1819 3965 sed
1849 3905 1920 3964 et
1948 3901 2029 3964 de
2059 3899 2284 3985 gladio
2314 3900 2609 3987 maligno

298 4009 461 4076 Saul
519 4013 592 4074 et
649 4005 942 4073 omnium
995 4005 1413 4069 inimicorum
1473 4004 1624 4086 ejus
1684 4003 2012 4080 liberasti,
2065 4006 2135 4066 et
2188 4002 2610 4069 Salomonem

298 4112 639 4198 sapientiae
668 4110 983 4197 pacisque
1011 4107 1343 4173 ineffabili
1387 4127 1664 4171 munere
1693 4106 1948 4187 ditasti,
1980 4108 2237 4191 respice
2279 4107 2611 4191 propitius

298 4217 384 4282 ad
412 4235 646 4302 preces
674 4217 920 4280 nostrae
948 4209 1373 4287 humilitatis,
1405 4214 1476 4275 et
1505 4229 1708 4294 super
1733 4209 1909 4272 hunc
1939 4208 2262 4273 famulum
2292 4218 2481 4273 tuum
2510 4210 2609 4276 ill.

298 4342 494 4405 quem
547 4316 833 4404 supplici
883 4315 1236 4382 devotione
1288 4314 1360 4378 in
1407 4333 1637 4399 regem
1690 4311 2058 4398 Anglorum
2112 4312 2221 4376 vel
2273 4312 2608 4378 Saxonum
