3117 5025
519 421 603 484 40
1245 428 1613 490 Ordinatio
1646 430 2113 493 Sacerdotum.

605 626 802 684 Postea
842 628 1146 706 episcopus,
1188 630 1452 708 depositis
1493 632 1817 691 chirothecis
1857 641 1906 690 et
1949 640 2226 710 resumpto
2263 632 2498 704 annale,
2538 632 2740 705 sedeat,
2782 642 2832 692 et

520 741 768 798 capansa
815 722 1050 781 toballia
1095 745 1262 802 super
1306 746 1505 801 qenua,
1551 728 1798 805 accipiat
1847 727 2027 796 oleum
2072 734 2346 796 sanctum,
2393 726 2490 785 cui
2530 726 2833 786 misceatur

516 816 781 887 chrisma,
809 838 916 894 pro
942 839 1002 876 eo
1030 820 1178 896 qaod
1203 820 1265 877 in
1303 821 1707 880 consecratione
1733 821 2056 880 chrismatis
2084 822 2160 896 fit
2187 822 2395 879 mentio
2436 822 2504 880 de
2531 822 2826 880 ordinibus

514 911 896 971 ecclesiasticis
939 935 1047 991 per
1098 916 1288 994 ipsum
1333 917 1713 994 perficiendis.
1797 916 1884 974 Et
1921 916 2114 991 faciat
2169 938 2353 975 cruces
2406 938 2572 995 super
2631 918 2825 976 ambas

514 1025 718 1064 manus
754 1027 791 1064 a
811 1007 1017 1085 pollice
1055 1008 1245 1067 dextro
1271 1030 1440 1087 usque
1479 1011 1558 1068 ad
1594 1011 1840 1069 indicem
1879 1012 2176 1069 sinistrum
2203 1019 2253 1069 et
2280 1031 2316 1068 a
2350 1011 2558 1089 pollice
2595 1012 2828 1070 sinistro

514 1100 593 1157 ad
617 1100 866 1160 indicem
891 1102 1166 1176 deoetmtm,
1196 1104 1454 1181 dicatque
1479 1105 1722 1181 sinqulis
1751 1129 1769 1163 .-

592 1193 995 1261 Consecrare
1037 1203 1108 1263 et
1152 1199 1645 1279 sancti-1⁴ficare
1689 1200 2006 1284 digneris,
2038 1199 2340 1276 Domine,
2370 1220 2608 1264 manus
2652 1201 2820 1265 istas

503 1318 624 1380 per
675 1298 870 1363 istam
924 1302 1297 1364 unctionem
1352 1308 1420 1365 et
1473 1307 1768 1367 nostram
1821 1301 2449 1377 beneffldictionem3
2512 1309 2589 1367 ut
2646 1325 2818 1387 quse-

503 1422 759 1486 cunque
833 1405 1383 1481 consecraverint,
1452 1411 1940 1480 consecrentur,
2008 1410 2078 1469 et
2152 1426 2551 1490 quaecunque
2624 1408 2821 1470 bene·

504 1504 812 1582 dixerint,
859 1507 1330 1572 benedicantur
1378 1514 1446 1571 et
1499 1507 2010 1572 sanctificentur.
2105 1507 2183 1570 In
2237 1508 2499 1572 nomine
2551 1507 2819 1571 Domini

503 1604 545 1670 J
551 1627 669 1671 esu
701 1607 971 1673 Christi.

581 1711 708 1769 Hoc
716 1710 896 1787 fact0,
925 1719 1122 1791 andus
1148 1720 1325 1788 unqat
1351 1713 1543 1771 ambas
1570 1732 1789 1770 manus.
1875 1710 1960 1769 Et
1980 1719 2172 1789 postea
2213 1711 2499 1789 episcopus
2526 1708 2698 1791 [lavet
2724 1710 2806 1790 et]

501 1812 678 1880 terqat
703 1825 906 1863 manus
929 1827 1078 1877 suas,
1110 1815 1161 1865 et
1187 1807 1434 1884 accipiat
1469 1815 1738 1884 patenam
1763 1826 1890 1865 cum
1929 1805 2128 1863 oblatis
2155 1813 2204 1863 et
2232 1805 2463 1864 calicem
2491 1825 2617 1863 cwm
2657 1805 2808 1874 vino,

501 1908 549 1957 et
596 1900 686 1957 det
731 1900 971 1976 sinyulis
1016 1900 1165 1959 inter
1208 1900 1423 1959 indices
1475 1909 1525 1959 et
1578 1901 1817 1959 medicos
1870 1919 2114 1978 cuppam
2160 1900 2356 1958 calicis
2403 1920 2530 1958 cum
2575 1907 2805 1976 patena,

498 1996 910 2054 remanentibus
935 1996 1196 2054 manibus
1222 1996 1423 2067 unctis,
1449 1997 1536 2054 ita
1566 1995 1754 2054 dicens
1783 2018 1800 2054 .·

581 2089 823 2173 Accipe
852 2094 1252 2175 potestatem
1286 2091 1524 2153 offerre
1572 2090 1965 2154 sacrificium
1998 2090 2159 2167 Deo,
2190 2091 2589 2172 missamque
2638 2088 2808 2152 cele-

493 2190 708 2267 brare,
739 2197 873 2255 tam
909 2213 1023 2277 pro
1057 2191 1225 2255 vivis
1270 2212 1467 2274 quam
1513 2213 1635 2277 pro
1680 2191 2027 2256 defunctis.
2117 2193 2196 2255 In
2244 2192 2504 2255 nomine
2537 2191 2803 2254 Domini

493 2291 531 2355 J
541 2314 657 2357 esu
692 2293 958 2358 Christi.

589 2395 770 2460 Tunc
801 2398 1096 2461 dicatur.

581 2498 904 2564 Dominus
927 2501 1282 2565 vobiscum.
1376 2498 1672 2565 Oremus.

574 2602 945 2681 Canteturque
966 2603 1278 2680 offerenda,
1293 2612 1687 2681 ponanturque
1708 2610 1782 2660 tot
1801 2602 2010 2675 bostiae,
2027 2609 2156 2679 quot
2175 2601 2454 2679 sufficiant
2461 2601 2800 2679 presbyteris

492 2699 831 2757 ordinandis
859 2700 938 2756 ad
963 2699 1510 2757 communicandum.

581 2794 753 2858 Post
780 2793 1021 2858 Libera
1043 2813 1164 2857 nos
1195 2814 1568 2877 quaesumus
1598 2792 1896 2868 Domine,
1923 2795 2020 2855 ad
2053 2793 2575 2858 benedictionem
2608 2793 2800 2853 dicat

493 2898 867 2961 diaconus:

573 2997 943 3062 Humiliate
974 3019 1094 3062 vos
1124 2997 1206 3060 ad
1237 2996 1780 3060 benedictionem.

572 3100 995 3166 Benedictio.

570 3204 996 3285 Antiphona.
1094 3205 1321 3288 Agnus
1351 3200 1496 3266 Dei.

569 3304 1000 3391 Omnipotens
1025 3306 1347 3383 Dominus
1371 3326 1492 3369 sua
1514 3326 1637 3369 nos
1660 3304 2015 3369 clementia
2033 3303 2401 3377 benedicat,
2429 3306 2498 3366 et
2522 3323 2784 3366 sensum

480 3409 547 3471 in
580 3410 771 3473 nobis
804 3409 1142 3493 sapientiae
1174 3408 1491 3472 salutaris
1520 3407 1848 3472 infundat.
1939 3408 2171 3471 Amen.

569 3511 923 3577 Catholicae
945 3511 1098 3575 fidei
1118 3531 1238 3574 nos
1256 3509 1667 3573 documentis
1690 3509 2001 3583 enutriat,
2022 3509 2180 3573 etin
2207 3508 2455 3572 sanctis
2478 3508 2789 3593 operibus

479 3615 1005 3698 perseverabiles
1032 3614 1286 3678 reddat.
1378 3614 1612 3677 Amen.

568 3718 854 3783 Gressus
885 3721 1146 3781 vestros
1190 3718 1276 3780 ab
1308 3736 1530 3779 errore
1579 3720 1943 3790 convertat,
1976 3720 2046 3777 et
2076 3715 2245 3778 viam
2291 3714 2477 3777 vobis
2508 3714 2691 3797 pacis
2723 3719 2793 3778 et

477 3821 777 3888 caritatis
808 3819 1135 3883 ostendat.
1225 3818 1459 3882 Amen.

561 3923 747 4009 Quod
798 3922 939 4005 ipse
992 3924 1306 4005 praestare
1359 3919 1689 4003 dignetur,
1743 3918 1934 4001 cujus
1983 3939 2261 4003 regnum
2314 3924 2381 3982 et
2433 3918 2781 4002 imperium

474 4029 616 4091 sine
647 4027 775 4088 fine
806 4027 1170 4109 permanet,
1202 4022 1271 4083 in
1303 4020 1539 4085 saecula
1572 4019 1976 4085 saeculorum.
2065 4022 2300 4084 Amen.

559 4126 939 4193 Benedictio
957 4124 1083 4188 Dei
1103 4122 1595 4206 omnipotentis,
1616 4124 1741 4187 Pat-
1752 4122 1936 4202 -X-ris,
1958 4127 2027 4185 et
2042 4120 2287 4198 Fiffllii,
2311 4126 2381 4186 et
2405 4120 2694 4205 Spiritus
2710 4120 2785 4194 *1⁴

476 4232 703 4298 Sancti
735 4227 1099 4292 descendat
1127 4246 1327 4311 super
1358 4246 1496 4301 vos,
1529 4230 1598 4288 et
1629 4229 1903 4289 maneat
1933 4243 2219 4307 semper.
2313 4223 2552 4286 Amen.

557 4336 747 4398 Data
794 4331 1291 4404 Benedictione,
1336 4329 1668 4392 accedant
1712 4327 1812 4389 ad
1856 4327 2099 4389 Pacem
2147 4336 2211 4389 et
2257 4328 2777 4389 communionem

466 4437 873 4507 sacerdotes,
905 4443 966 4496 et
998 4435 1201 4495 etia-m
1237 4430 1476 4505 levitae,
1511 4430 1572 4492 si
1602 4428 1958 4491 voluerint.
