3117 5025
520 386 648 450 170
1147 396 1586 460 consecratio
1620 397 2213 462 Sanctimonialic.

909 819 1570 902 [CONSECRATIO
1618 823 2451 911 SANCTIMONIALIS.]

618 1057 805 1122 Ordo
850 1058 1160 1143 qualiter
1209 1059 1789 1140 sanctimonialis,
1819 1062 2019 1146 virqo
2063 1059 2174 1127 vel
2216 1060 2391 1140 alia,
2421 1060 2662 1147 faciat
2675 1077 2857 1141 pro-

514 1159 908 1242 fessionem,
928 1174 1096 1245 post
1124 1164 1234 1230 vel
1260 1166 1457 1249 infra
1485 1184 1746 1230 annum
1759 1165 2233 1247 probationis.

615 1261 959 1342 Quocunque
967 1265 1119 1342 festo
1143 1265 1403 1340 voluerit,
1431 1265 1689 1326 cantabit
1712 1264 2005 1344 episcopus
2028 1264 2115 1324 vel
2140 1264 2260 1341 ejus
2286 1262 2542 1324 vicarius
2567 1260 2807 1321 missam
2832 1283 2857 1332 ;

527 1362 580 1415 et
606 1364 738 1417 ante
762 1359 1117 1436 evanqebium
1157 1359 1413 1439 incipiat
1438 1359 1545 1420 Ps.
1575 1360 1872 1421 Miserere
1909 1360 2027 1421 mei
2056 1360 2236 1434 Deus,
2263 1380 2392 1419 cnm
2429 1359 2639 1419 Gloria
2664 1357 2856 1419 Patri.

530 1450 657 1523 Quo
693 1460 922 1513 cantato
962 1454 1035 1513 ab
1078 1454 1357 1527 omnibus,
1397 1455 1633 1515 accedat
1660 1454 1991 1535 professura
2035 1462 2169 1515 ante
2212 1454 2397 1514 altare
2441 1461 2494 1514 et
2533 1453 2680 1532 lcqat
2709 1473 2855 1532 pro·

509 1548 819 1627 sessionem
843 1552 1013 1627 hanc,
1036 1552 1165 1632 Ego
1190 1573 1374 1627 soror,
1402 1555 1552 1614 sicut
1577 1555 1839 1633 supa-ius
1855 1561 2244 1633 proenotatnm
2268 1559 2364 1613 cst.

610 1647 774 1706 Tunc
797 1646 958 1706 dicat
983 1648 1277 1728 episcopus
1302 1649 1407 1710 has
1432 1649 1715 1710 orationes
1739 1670 1911 1730 super
1935 1670 2063 1710 cam
2078 1656 2457 1729 prostratam.

619 1742 928 1809 Oremus.

622 1846 889 1911 Oratio.
979 1844 1254 1923 Praesta,
1284 1865 1686 1931 quaesumus,
1710 1845 2137 1933 omnipotens
2167 1844 2375 1922 Dens,
2398 1843 2556 1910 hnic
2584 1840 2852 1908 famulae

531 1953 665 2014 tuae
694 1948 1116 2014 renuntianti
1148 1949 1374 2014 saeculi
1406 1950 1672 2035 pompis
1702 1949 1940 2036 gratiae
1967 1955 2103 2014 tuae
2124 1949 2378 2033 januas
2408 1946 2683 2032 aperiri,
2714 1967 2860 2030 qnae

531 2052 854 2136 despecto
882 2051 1153 2117 diabolo
1176 2052 1481 2138 confugit
1510 2054 1639 2119 sub
1668 2053 1870 2118 titulo
1901 2051 2179 2119 Christi.
2267 2051 2310 2117 J
2314 2052 2444 2117 ube
2472 2049 2854 2116 venientem

531 2153 616 2220 ad
660 2161 730 2221 te
776 2175 1014 2220 sereno
1060 2155 1257 2222 vultu
1301 2156 1578 2240 suscipi,
1609 2177 1694 2221 ne
1734 2156 1816 2221 de
1860 2176 1946 2221 ea
1989 2156 2220 2222 valeat
2262 2155 2574 2220 inimicus
2619 2154 2855 2219 trium-

527 2257 775 2341 phare;
821 2257 1045 2323 tribue
1074 2257 1234 2323 huic
1261 2257 1689 2343 infatigabile
1719 2259 2067 2324 brachium
2100 2257 2340 2324 auxilii
2370 2258 2469 2324 tui
2496 2281 2514 2335 ;
2559 2262 2853 2323 mentem

533 2362 682 2445 ejus
710 2361 922 2427 lorica
949 2361 1105 2426 fidei
1149 2362 1509 2440 circumda,
1539 2367 1638 2439 ιιι,
1669 2361 1855 2427 felici
1884 2382 2078 2427 muro
2121 2363 2402 2440 vallata,
2432 2362 2752 2426 mundum
2786 2383 2857 2425 se

530 2464 826 2551 gaudeat
870 2465 1194 2534 evasisse.
1282 2465 1415 2533 Per
1466 2465 1827 2533 Dominum
1868 2471 2176 2533 nostrum
2229 2465 2273 2532 J
2274 2486 2463 2532 esum
2509 2464 2853 2533 Christum

533 2568 784 2633 Filium
815 2575 1029 2634 tunm.

621 2670 926 2737 Oremus.

624 2775 889 2841 Oratio.
977 2771 1186 2851 Dens,
1217 2775 1334 2860 qui
1378 2774 1554 2841 hanc
1600 2774 1926 2840 famulam
1973 2780 2159 2841 tuam
2207 2796 2250 2840 a
2281 2771 2504 2839 saeculi
2551 2773 2852 2842 vanitate

532 2898 945 2953 conversam,
977 2876 1064 2942 ad
1110 2898 1411 2961 supernae
1455 2878 1835 2943 vocationis
1879 2878 2195 2942 accendis
2239 2897 2559 2953 amorem,
2600 2876 2858 2961 pectori

529 2983 717 3047 illius
760 2981 1174 3066 purificando
1219 2980 1541 3058 illabere3
1589 2988 1661 3047 et
1702 2982 1995 3067 gratiam
2049 3003 2184 3066 qua
2226 2982 2297 3045 in
2349 2986 2419 3046 te
2465 2986 2858 3066 perseveret

531 3085 851 3161 infunde;
897 3089 975 3148 ιιι
1003 3083 1445 3169 protectionis
1475 3088 1608 3150 tuae
1638 3086 1900 3150 munita
1944 3085 2224 3162 auxilio,
2256 3083 2433 3169 quod
2463 3089 2533 3147 te
2563 3083 2857 3148 donante

527 3188 838 3277 promisit
867 3187 1165 3272 impleat,
1197 3192 1268 3253 et
1312 3208 1447 3252 suae
1477 3188 1945 3273 promissionis
1977 3189 2324 3253 executi-ix
2357 3189 2621 3278 effecta,
2652 3187 2739 3253 ad
2769 3207 2854 3251 ea

529 3314 674 3378 quae
718 3290 1310 3376 perseverantibus
1354 3290 1674 3377 dignatus
1705 3312 1781 3358 es
1824 3292 2221 3376 promittere
2265 3291 2631 3377 pertingat.
2721 3290 2855 3356 Per

531 3395 894 3463 Dominum
925 3397 1229 3458 nostrum
1259 3392 1301 3459 J
1306 3414 1517 3459 esum.

622 3498 926 3563 Oremus.

622 3601 894 3667 Oratio.
1000 3596 1107 3663 Tu
1164 3596 1490 3663 famulam
1549 3602 1762 3677 tuam,
1823 3618 2225 3683 quaesumuS,
2286 3596 2592 3674 Domine,
2651 3598 2849 3663 bonis

530 3705 828 3769 moribus
873 3700 1183 3786 placatus
1227 3701 1528 3778 instrue3
1574 3706 1653 3767 tu
1707 3702 1777 3766 in
1831 3723 1915 3767 ea
1967 3703 2144 3787 quod
2189 3702 2317 3767 tibi
2370 3699 2695 3785 placitum
2743 3710 2856 3768 est

529 3809 889 3894 dignanter
935 3803 1248 3878 infunde3
1297 3808 1368 3869 et
1412 3811 1663 3889 praesta
1707 3826 1971 3890 semper
2013 3806 2100 3871 ad
2147 3811 2216 3871 te
2263 3811 2410 3870 toto
2447 3805 2646 3869 corde
2696 3827 2852 3871 con-

528 3929 818 3985 currere,
884 3906 1010 3971 tibi
1087 3906 1359 3971 subdita
1429 3912 1655 3971 mente
1723 3909 2001 3986 servire,
2067 3913 2255 3974 tuam
2321 3908 2850 3975 misericordiam

527 4011 877 4079 humiliter
935 4029 1241 4086 exorare,
1301 4014 1380 4075 ut
1446 4009 1654 4097 digna
1721 4011 1813 4078 sit
1871 4010 1994 4099 [et]
2049 4016 2171 4078 tua
2235 4012 2559 4078 beneficia
2625 4014 2857 4081 valeat

528 4113 918 4204 promereri.
1008 4112 1161 4177 Per.

619 4219 886 4286 Oratio.
975 4216 1181 4302 Deus,
1236 4216 1353 4300 qui
1407 4236 1529 4301 per
1590 4223 1994 4282 coaeternum
2055 4217 2300 4283 F1lium
2364 4222 2553 4282 tuum
2609 4225 2858 4285 cuncta

529 4320 797 4399 creasti,-
828 4320 1077 4405 quique
1111 4320 1426 4384 mundum
1474 4319 1923 4386 inveteratum
1967 4321 2263 4406 peccatis
2294 4341 2416 4406 per
2458 4324 2857 4405 mysterium
