3117 5025
476 385 603 449 368
1290 385 1705 448 Ordination
1737 382 1948 445 Lists.

554 557 695 622 The
725 558 1072 644 following
1102 560 1163 623 is
1194 561 1308 624 the
1340 558 1460 623 list
1485 559 1592 622 for
1626 556 1812 632 1344,
1850 558 1910 618 5.

1550 747 1805 811 Acolytes
1826 745 2163 797 Subdeacons
2184 743 2427 794 Deacons
2449 740 2653 790 Priests

471 830 574 881 Die
600 829 756 881 Sabb.
782 831 866 881 IV
894 832 1080 897 Temp.
1106 833 1161 882 in
1184 832 1492 899 Septimana

361 906 366 912 ⁴
471 915 815 966 Pentecosten
840 916 898 964 in
923 916 1071 966 Eccl.
1099 917 1389 982 parochiali
1414 918 1479 966 de

1202 1000 1255 1050 Ν
1258 1000 1432 1050 ewark
1699 1002 1798 1050 223
1968 1001 2032 1047 58
2229 997 2323 1053 175
2462 996 2717 1044 1053561

469 1082 569 1133 Die
596 1081 750 1133 Sabb.
776 1082 859 1134 IV
886 1084 1071 1149 Temp.
1098 1100 1245 1149 prox.
1269 1092 1391 1135 ante
1414 1084 1611 1136 festum

468 1168 526 1217 B.
553 1166 795 1217 Matthaei
820 1169 1013 1233 Apost.
1037 1169 1096 1217 in
1120 1169 1267 1218 Eccl.
1293 1184 1443 1218 conv,
1467 1184 1613 1219 mon.

1012 1253 1072 1303 Β.
1100 1252 1285 1302 Mariae
1310 1253 1471 1302 Ebor.
1740 1254 1800 1301 61
1972 1253 2038 1300 65
2269 1252 2327 1298 51
2502 1250 2733 1305 763253

468 1333 569 1384 Die
595 1334 750 1384 Sabb.
777 1334 859 1386 IV
886 1336 1069 1401 Temp.
1097 1352 1243 1401 prox.
1269 1346 1389 1401 post
1412 1336 1611 1387 festum

467 1419 646 1469 Lucioe
670 1420 739 1470 V.
764 1420 822 1468 in
847 1420 992 1470 Eccl.
1020 1421 1111 1471 Fr.
1137 1420 1262 1471 Ord.
1289 1422 1349 1471 Β.
1377 1421 1562 1471 Mariae

418 1489 435 1506 ⁶
458 1503 524 1553 de
550 1502 736 1553 Monte
761 1502 993 1553 Carmeli
1018 1503 1180 1554 Ebor.
1724 1505 1789 1553 66
1959 1506 2024 1552 50
2255 1505 2320 1551 50
2487 1504 2721 1552 493215

465 1586 566 1635 Die
593 1585 747 1636 Sabb.
775 1586 857 1636 IV
885 1586 1068 1650 Temp.
1093 1586 1150 1635 in
1176 1586 1350 1651 prima
1373 1586 1674 1651 septimana

460 1669 890 1733 Quadragesimae
915 1685 1012 1718 viz.
1038 1670 1125 1719 xix
1149 1670 1236 1719 die
1262 1669 1389 1719 Feb.
1416 1670 1472 1718 in
1500 1670 1648 1739 Fficl.

457 1754 549 1803 Fr.
565 1753 690 1804 Ord.
711 1753 766 1802 B.
785 1752 971 1802 Mariae
983 1753 1049 1803 de
1066 1753 1250 1803 Monte
1265 1753 1497 1804 Carmeli
1514 1754 1675 1804 Ebor.
1724 1756 1789 1802 45
1964 1755 2024 1802 18
2262 1755 2327 1802 26
2498 1757 2729 1804 252114

460 1839 563 1889 Die
590 1837 744 1888 Sabb.
771 1837 872 1889 IV.
898 1838 1082 1904 Temp.
1108 1854 1214 1903 qua
1236 1846 1482 1888 cantatur

454 1923 706 1973 Sitientes
731 1923 827 1972 viz.
851 1923 927 1972 xii
950 1923 1034 1972 die
1060 1923 1247 1973 Martii
1268 1925 1327 1972 i‘n
1353 1924 1500 1975 Eccl.

461 2007 551 2056 Fr.
576 2006 702 2058 Ord.
727 2007 788 2056 B.
814 2006 998 2056 Μανία)
1020 2007 1085 2055 de
1111 2006 1296 2057 Monte
1323 2007 1551 2057 Carmeli

1054 2075 1218 2124 Ebor.
1707 2076 1772 2123 26
1946 2075 2007 2123 12
2245 2076 2310 2122 22
2485 2077 2678 2134 13=73

451 2159 515 2208 In
542 2159 736 2210 Sancto
761 2158 991 2210 Sabbato
1017 2160 1236 2210 Paschae
1258 2161 1315 2209 in
1342 2160 1488 2210 Eccl.
1519 2159 1657 2210 Coll.

849 2245 914 2294 de
942 2245 1221 2295 Hoveden.
1974 2247 1995 2292 l
2280 2246 2312 2292 2
2512 2247 2649 2296 336

1690 2327 1825 2412 ET
1940 2329 2186 2412 204——
2238 2329 2386 2411 ff
2440 2329 2742 2420 2—7T2-1222

518 2441 590 2492 Of
613 2442 779 2491 which
807 2457 939 2491 were
964 2442 1205 2506 regulars
1991 2448 2049 2503 71
2286 2449 2351 2496 96
2485 2450 2715 2495 443211

534 2614 675 2677 The
710 2621 871 2677 next
905 2613 1022 2678 list
1057 2617 1115 2676 is
1146 2614 1252 2677 for
1286 2614 1475 2692 1350,
1499 2616 1652 2697 just
1683 2617 1859 2681 after
1888 2618 2003 2682 the
2033 2624 2234 2703 great
2264 2617 2654 2702 pestilence.

1433 2805 1692 2876 Acolytes
1716 2804 2057 2859 Subdeacons
2085 2805 2328 2859 Deacons
2354 2806 2561 2860 Priests

446 2891 514 2945 In
541 2891 700 2946 Sabb.
728 2901 849 2964 post
873 2892 1069 2946 festum
1095 2893 1145 2947 S.
1175 2892 1349 2947 Marci
1375 2894 1436 2946 in

447 2981 591 3036 Eccl.
622 2981 707 3033 Fr.
737 2980 1015 3034 Minorum
1044 2981 1204 3035 Ebor.
1499 2982 1570 3034 64
1853 2982 1920 3035 53
2207 2981 2273 3037 79
2422 2983 2700 3038 101=197

445 3069 544 3123 Die
564 3070 730 3123 Sabb.
751 3070 808 3121 in
835 3069 981 3140 Sept.
1011 3070 1353 3125 Pentecostes
1378 3072 1438 3124 in

441 3157 579 3212 Eccl.
609 3157 696 3211 Fr.
726 3157 1171 3211 Praedicatorum
1197 3157 1353 3213 Ebor.
1498 3160 1564 3211 81
1850 3158 1917 3211 98
2202 3158 2269 3211 89
2419 3159 2696 3216 1193387

443 3246 510 3299 In
528 3244 686 3299 Sabb.
705 3255 825 3317 post
839 3245 1033 3299 festum
1050 3244 1176 3300 Nat.
1194 3246 1246 3300 S.
1264 3245 1425 3301 Joan.

440 3334 599 3406 Bapt.
627 3335 684 3388 in
714 3334 854 3388 Eccl.
883 3334 1108 3388 Eremit.
1138 3335 1432 3406 Augustin.

442 3422 603 3477 Ebor.
1103 3473 1112 3486 ,
1499 3421 1566 3496 14
1851 3419 1919 3473 3‘4
2202 3421 2268 3474 86
2447 3421 2693 3477 423176

440 3508 507 3561 In
532 3507 690 3563 Sabb.
721 3515 842 3580 post
866 3508 1065 3562 festum
1092 3508 1465 3561 Exultat-ionis

438 3597 490 3651 S.
519 3596 706 3650 Crucis
730 3598 788 3650 in
816 3597 958 3651 Eccl.
988 3595 1075 3650 Fr.
1104 3596 1232 3649 Ord.
1263 3596 1320 3650 Β.

440 3685 649 3739 Mariae
674 3685 740 3738 de
759 3681 954 3738 ‘Monte
979 3684 1213 3738 Carmeli
1240 3683 1400 3738 Ebot.
1490 3683 1558 3735 46
1845 3684 1911 3736 58
2196 3683 2264 3735 60
2410 3682 2687 3737 1043268

439 3773 508 3826 In
533 3773 691 3827 Sabb.
719 3771 801 3823 IV
826 3771 1010 3842 Temp.
1037 3786 1159 3843 post
1183 3772 1379 3824 festum

438 3860 487 3915 S.
518 3860 702 3915 Luciae
726 3859 875 3931 Virg.
903 3860 963 3912 in
990 3859 1131 3930 Eccl.
1162 3858 1248 3914 Fr.

439 3949 875 4003 Praedicatorum
905 3947 1061 4002 Ebot.
1486 3946 1555 3999 46
1840 3947 1904 3999 75
2192 3945 2262 3997 50
2444 3945 2686 4000 573225

436 4036 506 4090 In
531 4036 692 4091 Sabb.
721 4034 801 4088 IV
827 4035 1012 4106 Temp.
1039 4034 1098 4088 in
1128 4035 1306 4106 prima

435 4125 739 4197 septimana
762 4123 1198 4194 Quadragesimae
1226 4123 1439 4177 ibidem.
1487 4122 1556 4174 62
1841 4122 1907 4174 55
2197 4120 2262 4174 75
2442 4119 2685 4174 56=248

1838 4207 2005 4220 *¹*-

1491 4217 1658 4297 313—
1839 4244 1940 4296 373
2185 4208 2342 4294 7133*
2401 4216 2721 4295 4551-11604

430 4338 506 4391 Of
525 4335 616 4389 the
640 4337 807 4390 above
834 4352 971 4389 were
999 4334 1239 4404 regulare
1877 4333 1939 4386 71
2227 4327 2294 4379 96
2436 4321 2681 4377 443211
