3117 5025
909 450 1349 515 Consecratio
1381 449 1581 534 Iynis
1614 459 1678 514 et
1715 451 1928 516 Cerei.
2461 449 2591 516 335

253 638 678 704 benedictum
725 645 852 703 est.
943 639 1046 703 Tu
1077 637 1193 723 qui
1236 637 1663 703 inluminasti
1706 659 1970 704 omnem
2015 641 2355 717 mundum,
2386 639 2471 705 ab
2503 661 2583 704 eo

253 744 506 809 lumine
539 744 983 810 accendamur
1024 750 1097 808 et
1140 744 1623 808 inluminemur
1665 744 1823 830 igne
1870 745 2207 813 claritatis
2242 752 2394 811 tuae.
2485 746 2586 811 Tu

253 868 327 912 es
380 847 563 933 ignis
618 847 732 932 qui
771 846 1023 913 famulo
1076 851 1198 912 tuo
1243 848 1469 934 Moysi
1522 847 1590 910 in
1637 849 1805 914 rubo
1860 849 2261 935 apparuisti.
2351 850 2454 913 Tu
2507 869 2584 914 es

257 951 569 1014 columna
620 951 801 1035 ignis
854 951 971 1035 qui
1023 950 1345 1036 populum
1398 950 1618 1015 Israel
1670 951 1742 1016 in
1794 958 1991 1016 nocte
2046 951 2457 1017 defendebas
2518 957 2590 1018 et

258 1053 718 1119 illuminabas.
810 1054 915 1118 Tu
961 1055 1139 1118 enim
1170 1059 1313 1120 tres
1345 1074 1592 1139 pueros
1623 1054 1704 1118 de
1735 1054 2008 1120 fornace
2040 1055 2220 1141 ignis
2254 1055 2590 1134 liberasti,

262 1156 568 1234 Domine,
613 1179 764 1221 cum
809 1156 985 1221 Filio
1030 1163 1151 1221 tuo
1194 1156 1361 1222 Jesu
1410 1155 1681 1222 Christo
1728 1162 1800 1223 et
1848 1158 2095 1223 Sancto
2145 1158 2404 1244 Spiritu
2450 1164 2590 1235 tuo,

264 1260 378 1345 qui
410 1260 479 1323 in
509 1260 668 1343 igne
713 1281 918 1345 super
959 1258 1306 1346 apostolos
1347 1258 1652 1344 singulos
1699 1259 1807 1323 die
1855 1261 2294 1326 Pentecostes
2325 1267 2396 1326 et
2438 1268 2596 1347 post

265 1369 534 1448 tempus
567 1383 772 1447 super
803 1361 1186 1427 Cornelium
1218 1384 1367 1427 cum
1415 1362 1598 1426 omni
1630 1363 1824 1427 domo
1859 1384 1984 1428 sua
2026 1363 2152 1428 tibi
2185 1363 2473 1448 primum
2508 1385 2591 1428 ex

264 1465 582 1551 gentibus
626 1466 1011 1530 credentem
1042 1464 1125 1529 de
1171 1464 1335 1530 coelo
1383 1464 1833 1542 descendisti;
1882 1470 1960 1531 ut
1991 1465 2168 1530 sicut
2212 1487 2328 1530 eos
2360 1488 2591 1532 omnes

261 1568 691 1633 conservasti
744 1573 815 1633 et
866 1566 1315 1644 inluminasti,
1362 1567 1462 1632 ita
1518 1588 1760 1633 sensus
1805 1573 2076 1634 nostros
2130 1570 2464 1654 cordaque
2521 1575 2591 1635 et

269 1671 532 1736 animas
585 1674 854 1735 nostras
908 1670 978 1733 in
1030 1671 1157 1735 hac
1211 1670 1514 1754 paschali
1573 1670 2033 1736 sollemnitate
2087 1676 2156 1737 et
2208 1674 2389 1736 omni
2440 1673 2594 1738 vitae

269 1779 516 1839 nostrae
546 1779 851 1858 tempore
897 1773 1303 1837 inluminare
1350 1774 1506 1858 igne
1557 1774 1856 1858 Spiritus
1906 1773 2136 1840 Sancti
2168 1775 2489 1862 digneris,
2521 1783 2600 1842 ut

268 1879 355 1942 ad
386 1879 594 1944 vitam
620 1883 937 1945 aeternam
969 1878 1323 1963 pervenire
1347 1898 1727 1942 mereamur
1751 1879 1821 1941 in
1853 1878 2061 1944 coelis.
2155 1880 2281 1944 Per
2311 1881 2594 1946 eundem

272 1981 655 2046 Dominum.

357 2086 523 2144 Alia.

364 2181 652 2246 Oramus
684 2185 773 2258 te,
805 2180 1089 2245 Domine
1122 2180 1308 2244 Deus
1340 2183 1595 2255 noster,
1627 2182 1706 2243 ut
1736 2199 1972 2244 cereus
2013 2179 2143 2244 iste
2176 2180 2243 2243 in
2277 2181 2596 2245 honorem

213 2349 224 2358 ,
275 2283 567 2347 nominis
586 2283 689 2347 tui
710 2288 1146 2347 consecratus
1167 2282 1250 2347 ad
1271 2282 1488 2347 noctis
1508 2282 1715 2365 hujus
1739 2282 2095 2366 caliginem
2123 2284 2598 2349 destruendam

275 2387 666 2466 indeficiens
740 2391 1150 2472 perseveret,
1221 2391 1287 2450 et
1355 2386 1426 2450 in
1501 2387 1772 2451 odorem
1849 2389 2207 2453 suavitatis
2282 2396 2598 2475 acceptus

279 2491 592 2578 supernis
622 2490 1070 2556 luminaribus
1115 2489 1502 2556 misceatur.
1592 2489 1935 2556 Flammas
1970 2491 2118 2575 ejus
2150 2492 2418 2557 Lucifer
2462 2517 2602 2561 ma-

274 2597 541 2660 tutinus
584 2594 930 2670 inveniat3
978 2593 1118 2669 ille,
1165 2592 1461 2677 inquam,
1506 2592 1779 2658 Lucifer
1823 2594 1937 2678 qui
1985 2596 2197 2663 nescit
2244 2617 2597 2675 occasum3

273 2698 391 2763 ille
422 2698 537 2783 qui
566 2718 923 2783 regressus
955 2698 1041 2762 ab
1072 2696 1309 2760 inferis
1340 2696 1634 2760 humano
1664 2697 1897 2781 generi
1931 2717 2210 2762 serenus
2241 2699 2509 2764 inluxit.

359 2802 526 2859 Alia.

370 2899 732 2962 Precamur
776 2917 938 2981 ergo
985 2901 1075 2973 te,
1122 2895 1426 2972 Domine,
1474 2900 1552 2959 ut
1602 2915 1725 2960 nos
1778 2895 2071 2960 famulos
2117 2901 2294 2974 tuos,
2343 2919 2602 2962 omnem

282 3001 537 3066 clerum
580 3005 651 3064 et
693 2998 1203 3063 devotissimum
1245 2998 1591 3082 populum,
1625 3020 1758 3063 una
1800 3019 1950 3064 cum
1996 3001 2390 3066 beatissimo
2433 3024 2611 3087 papa

284 3112 523 3171 nostro
576 3106 706 3181 ill„
761 3105 987 3189 quiete
1040 3108 1420 3188 temporum
1483 3124 1822 3180 concessa,
1877 3103 1945 3167 in
2008 3105 2115 3170 his
2176 3106 2611 3190 paschalibus

287 3209 554 3296 gaudiis
587 3228 988 3273 conservare
1018 3206 1339 3292 digneris.
1431 3207 1562 3271 Per
1591 3206 1968 3271 Dominum.

511 3443 1070 3513 BENEDICTIO
1115 3441 1473 3521 FONTIS,
1521 3444 1839 3508 LACTIS
1885 3443 2002 3509 ET
2050 3444 2388 3509 MELLIS

387 3637 697 3712 Benedic‚
729 3635 1033 3712 Domine,
1069 3638 1135 3697 et
1168 3633 1292 3697 has
1325 3639 1672 3697 creaturas
1703 3633 1912 3696 fontis
1943 3632 2142 3697 lactis
2174 3640 2242 3697 et
2273 3633 2514 3711 mellis,
2548 3640 2618 3699 et

296 3748 458 3830 pota
516 3738 807 3805 famulos
866 3744 1023 3802 tuos
1082 3736 1163 3799 de
1216 3737 1346 3801 hoc
1408 3737 1593 3800 fonte
1657 3735 1955 3819 perenni,
2012 3736 2126 3820 qui
2189 3758 2261 3800 cs
2324 3737 2617 3822 Spiritus

300 3846 631 3920 veritatis,
658 3849 727 3907 et
751 3840 977 3905 enutri
1009 3860 1125 3904 eos
1150 3840 1230 3903 de
1255 3841 1382 3905 hoc
1405 3838 1605 3903 melle
1632 3844 1702 3903 et
1719 3838 1896 3904 lacte
1922 3865 1938 3918 ;
1986 3844 2062 3903 tu
2088 3842 2286 3917 enim,
2312 3840 2620 3919 Domine,

301 3946 677 4036 promisisti
722 3944 1034 4030 patribus
1079 3944 1356 4020 nostris,
1390 3943 1700 4020 Abrahae,
1735 3942 1928 4006 Isaac
1976 3949 2048 4006 et
2091 3942 2304 4009 Jacob
2349 3945 2618 4009 dicens:

304 4052 739 4117 Introducam
792 4069 912 4112 vos
966 4047 1036 4111 in
1090 4053 1344 4111 terram
1391 4045 1956 4131 repromissionis,
2002 4052 2256 4112 terram
2309 4049 2625 4113 fluentem

306 4157 415 4219 lac
448 4161 517 4218 et
557 4153 710 4218 mel.
806 4149 1179 4236 Oonjunge,
1213 4150 1517 4226 Domine,
1552 4148 1841 4214 famulos
1873 4154 2030 4213 tuos
2078 4150 2332 4234 Spiritu
2369 4152 2635 4227 Sancto,

310 4262 486 4326 sicut
516 4258 946 4341 conjunctum
994 4260 1102 4321 est
1147 4256 1273 4320 hoc
1304 4254 1410 4320 lac
1443 4262 1513 4319 et
1558 4254 1692 4318 mel
1723 4255 1792 4319 in
1841 4254 2112 4320 Christo
2142 4253 2183 4320 J
2189 4278 2306 4320 esu
2348 4256 2634 4321 Domino

300 4375 563 4440 nostro,
594 4384 718 4448 per
750 4383 968 4445 quem,
1002 4360 1248 4435 omnia,
1279 4359 1587 4423 Domine.
