3117 5025
57 352 60 415 ⁴⁴⁴*
61 232 74 323 *rm-⁷-
59 0 76 197 ...⁴„j—-

990 377 1085 442 De
1117 378 1360 441 Pallio
1393 378 1939 460 Archiepiscopi.
2492 377 2621 441 353
2682 403 2687 408 ·

294 560 649 647 irrigatum
717 566 1044 631 virtutum
1104 567 1438 632 fructibus
1508 589 1815 633 crescere
1886 573 1957 633 et
2024 587 2243 632 coram
2312 566 2617 629 omnibus

295 664 672 732 clarescere
705 671 1051 747 concedas,
1079 678 1155 737 ut
1185 672 1333 755 ejus
1367 672 1511 736 vita
1536 672 1693 736 aliis
1717 671 1937 757 possit
1966 669 2269 753 exempla
2305 671 2620 753 praebere.

300 767 405 834 Sit
465 770 526 834 ei
588 773 803 837 honor
861 775 1075 859 pallii,
1130 780 1595 839 ornamentum
1658 766 1919 852 animae,
1974 782 2045 839 et
2106 774 2279 836 unde
2338 773 2612 837 advenit

292 872 644 959 fastigium
677 878 940 942 visibile
983 879 1133 943 inde
1166 880 1481 944 florescat
1512 900 1702 943 amor
1739 878 2122 942 invisibilis,
2216 876 2360 941 Tua
2389 877 2616 940 divina

296 980 603 1061 potentia
648 1001 798 1044 eum
853 984 1284 1059 corroboret3
1333 982 1458 1047 'I'ui
1507 982 1671 1047 Filii
1721 982 1939 1049 virtus
1988 983 2250 1046 viscera
2301 980 2449 1064 ejus
2501 980 2616 1044 foe-

295 1082 579 1159 cundet3
628 1084 755 1149 Tui
804 1085 1093 1169 Spiritus
1137 1086 1364 1170 gratia
1402 1086 1730 1150 interiora
1784 1087 1931 1168 ejus
1973 1084 2272 1170 impleat.
2363 1085 2492 1148 Per
2545 1091 2611 1148 te

292 1187 676 1276 firmitatem
715 1189 877 1255 fidei
932 1189 1290 1254 Catholicae
1344 1212 1478 1255 non
1531 1190 1747 1255 solum
1806 1191 2073 1255 sibimet
2131 1188 2443 1253 servandi
2498 1188 2614 1251 sed

294 1291 498 1354 etiam
565 1292 735 1356 alios
812 1293 1092 1356 docendi
1170 1315 1375 1359 causa
1449 1299 1827 1359 conservet.
1916 1294 2049 1358 Per
2123 1298 2191 1357 te
2262 1291 2610 1356 Cathedrae

296 1393 718 1481 Episcopalis
780 1403 850 1461 et
909 1396 1229 1461 Ecclesiae
1293 1398 1704 1463 universalis
1767 1402 2030 1462 scutum
2093 1418 2226 1461 non
2298 1395 2513 1460 solum
2574 1417 2616 1460 a

298 1498 760 1581 spiritualibus
816 1499 931 1563 sed
990 1501 1194 1565 etiam
1250 1523 1292 1565 a
1344 1502 1805 1586 corporalibus
1859 1501 2063 1585 hujus
2111 1498 2332 1563 saeculi
2379 1498 2614 1563 adver-

296 1601 614 1666 sitatibus
667 1604 917 1667 habere
968 1609 1331 1668 mereatur.
1377 1627 1382 1633 ·
1421 1606 1551 1669 Per
1597 1613 1665 1670 te
1710 1604 2095 1689 apostolicae
2143 1603 2497 1688 dignitatis
2543 1604 2611 1665 in
2696 1596 2701 1603 ’

296 1704 478 1768 coelis
510 1711 580 1770 et
624 1707 927 1771 interris
962 1696 1266 1772 solvendi
1313 1712 1383 1772 et
1427 1707 1683 1794 ligandi
1728 1730 1863 1772 non
1907 1707 2124 1771 solum
2166 1727 2447 1791 corpora
2494 1706 2612 1769 sed

296 1814 368 1872 et
411 1810 691 1887 animas,
739 1810 967 1874 divina
1012 1809 1268 1875 ditatus
1312 1812 1555 1897 gratia,
1589 1812 1952 1875 dominium
2001 1810 2341 1894 suscipiat,
2390 1816 2467 1873 ut
2512 1810 2611 1873 ita

291 1912 514 1996 dignis
547 1913 971 1978 successibus
1004 1913 1243 1978 devote
1277 1913 1549 2000 degens,
1576 1915 1661 1979 ad
1694 1914 2035 1979 destinata
2056 1914 2308 1978 sanctis
2338 1912 2610 1996 praemia

291 2018 709 2100 perveniens,
744 2023 1063 2082 aeternam
1097 2020 1386 2103 accipiat
1416 2019 1922 2084 beatitudinem.
2014 2019 2166 2084 Per.

463 4446 650 4510 Pont.
685 4446 771 4508 44
