3117 5025
935 411 984 474 Ι
982 411 1445 477 nthv‘om'zatio
1491 410 1550 472 A
1562 408 2038 488 rehiepiscop'i.
2365 398 2369 402 ’
2508 403 2639 468 373

1420 634 1564 708 ΙΙΙ.

434 832 685 908 Forma
713 838 847 931 for
901 838 1346 912 Installation
1396 865 1466 912 07
1530 838 2093 912 Inthronization
2142 836 2232 929 of
2265 836 2374 909 tlte
2409 835 2637 913 Arek-

409 1133 440 1187 1
581 1135 1025 1193 Inthronization
1049 1139 1110 1194 of
1129 1138 1471 1210 Archbishop
1495 1137 1678 1210 Kemp
1700 1136 1837 1191 from
1861 1136 2100 1209 Chapter
2123 1137 2271 1192 Acts.
2298 1137 2369 1191 A.
2399 1136 2464 1191 D.
2492 1124 2635 1192 1427

407 1223 444 1276 2
584 1223 1026 1282 Inthronization
1051 1228 1107 1283 of
1130 1227 1476 1300 Archbishop
1499 1226 1674 1282 Bothe
1697 1227 1832 1281 from
1860 1226 2101 1301 Chapter
2131 1226 2273 1281 Acts.
2302 1227 2373 1281 A.
2402 1225 2469 1280 D.
2497 1225 2639 1281 1477

409 1311 443 1365 3
586 1313 745 1368 Form
769 1315 852 1369 for
875 1316 967 1370 the
992 1315 1435 1372 Intbronization
1460 1316 1598 1370 from
1625 1333 1659 1369 a
1683 1313 1931 1385 Register
1954 1313 2063 1368 late
2088 1314 2226 1367 xvth
2250 1320 2501 1385 century.

407 1397 445 1451 4
585 1399 744 1455 Form
770 1402 853 1456 for
878 1403 972 1458 the
996 1402 1438 1458 Inthronization
1464 1402 1601 1457 from
1628 1402 1866 1473 Chapter
1889 1401 2042 1455 Acts.
2076 1399 2218 1453 1534

409 1483 524 1541 'I'he
547 1485 735 1543 Forms
759 1490 840 1543 for
867 1491 962 1546 the
999 1490 1439 1546 Inthronization
1463 1491 1525 1544 of
1553 1490 1647 1544 the
1672 1488 2018 1561 Archbishop
2041 1488 2103 1543 of
2125 1487 2484 1560 Oanterbury‚
2513 1485 2638 1543 will

334 1573 403 1629 be
424 1572 592 1630 found
620 1576 681 1629 in
706 1575 984 1634 Maskell's
1008 1577 1376 1634 Monumenta
1396 1577 1661 1634 Ritualia.

1448 1753 1540 1840 (Ι)

417 1956 731 2025 FORMA
825 1960 1717 2056 INTHROMZATmNJS
1805 1959 1849 2025 J
1854 1959 2277 2026 OHANNIS
2368 1959 2641 2026 KEMP

806 2097 814 2106 ·
982 2064 1675 2131 ARCHIEPISCOPI
1718 2063 1977 2134 EBOR.
2486 2078 2494 2084 ·

427 2291 638 2355 From
671 2290 779 2356 the
816 2289 1119 2373 Chapter
1145 2293 1322 2357 Acts
1337 2294 1464 2377 for
1495 2293 1690 2361 1427.

435 2486 946 2553 Memor-andum
993 2487 1170 2572 quod
1222 2488 1436 2576 primo
1480 2489 1589 2556 die
1643 2489 1893 2557 mensis
1949 2489 2132 2576 Sept.
2188 2490 2271 2556 A.
2317 2489 2398 2557 D.
2448 2491 2645 2557 1427.

347 2574 784 2657 Reverendus
836 2591 905 2655 in
953 2590 1227 2656 Christo
1273 2594 1479 2659 Pater
1521 2600 1593 2659 et
1644 2592 1992 2670 Dominus,
2039 2595 2385 2661 Johannes
2428 2597 2655 2682 gratia

349 2694 477 2761 Dei
507 2696 708 2759 Ebor.
741 2696 1333 2782 Archiepiscopus,
1364 2697 1627 2784 Angliae
1656 2699 1909 2785 primas
1943 2704 2012 2763 et
2040 2699 2443 2785 Apostolicae
2477 2700 2656 2764 sedis

351 2799 646 2885 legatus,
679 2798 974 2884 propriis
1020 2799 1298 2865 indutus
1340 2803 1667 2881 vestibus,
1701 2824 1743 2868 a
1785 2802 2060 2868 Decano
2106 2808 2179 2868 et
2209 2801 2529 2888 Capitulo
2575 2825 2653 2868 ac

352 2903 599 2968 ceteris
660 2902 1002 2966 ministris·
1044 2902 1363 2969 Ecclesiae
1421 2906 1624 2971 Ebor.
1687 2906 1866 2972 clero
1927 2913 1998 2972 et
2059 2906 2309 2993 populo
2363 2908 2663 2973 civitatis

350 3008 551 3072 Ebor.
582 3012 783 3092 prout
811 3008 1019 3073 moris
1051 3013 1179 3085 est,
1205 3010 1289 3075 ad
1320 3011 1650 3097 capellam
1684 3012 1914 3079 Sancti
1939 3013 1980 3077 J
1985 3013 2172 3078 acobi
2197 3014 2403 3097 juxta
2431 3034 2659 3079 muros

351 3113 555 3177 Ebor.
589 3113 933 3189 situatam,
965 3113 1162 3197 quasi
1207 3115 1398 3180 inter'
1417 3117 1649 3182 horam
1684 3123 1947 3185 sextam
1980 3123 2050 3183 et
2095 3118 2452 3203 septimam
2498 3124 2656 3184 ante

352 3216 720 3294 meridiem.
792 3222 797 3226 '

476 3319 577 3384 Ad
642 3319 837 3403 cujus
897 3320 1174 3405 capellae
1240 3321 1594 3390 introitum
1661 3326 1984 3411 praefatus
2042 3323 2354 3389 dominus
2418 3325 2656 3390 Archi-

355 3425 713 3509 episcopus
759 3445 800 3488 a
843 3423 1134 3490 dominis
1178 3425 1448 3493 Decano
1504 3434 1573 3493 et
1618 3431 2035 3494 Praecentore
2087 3427 2406 3493 Ecclesiae
2451 3428 2659 3495 Ebor.

354 3550 531 3614 aqua
561 3527 914 3593 benedicta
944 3533 1265 3615 aspersus
1309 3536 1379 3597 et
1410 3533 1860 3610 thurificatus,
1896 3534 2388 3616 subsequenter
2417 3534 2486 3596 in
2516 3533 2664 3598 loco

355 3632 669 3719 praedicto
715 3631 1129 3699 decalciatus
1166 3640 1293 3712 est,
1326 3640 1397 3702 et
1432 3639 1516 3702 ab
1552 3638 1673 3702 illo
1719 3638 1866 3703 loco
1905 3638 2104 3702 nudis
2142 3635 2444 3722 pedibus,
2491 3659 2656 3722 prae-

356 3736 751 3802 cedentibus
811 3738 1016 3802 choro
1084 3744 1153 3804 et
1226 3739 1574 3827 religiosis
1628 3743 1926 3808 civitatis
1991 3743 2340 3828 praedictae,
2400 3763 2659 3807 necnon

358 3840 693 3904 ministris
736 3839 1055 3906 Ecclesiae
1095 3842 1297 3908 Ebor.
1330 3848 1926 3929 processionaliter
1956 3845 2302 3923 ordinatis,
2334 3850 2413 3911 ut
2456 3849 2672 3934 moris·

357 3950 485 4021 est,
515 3944 733 4029 nigris
763 3945 949 4029 capis
994 3946 1250 4011 indutis
1283 3969 1403 4033 pro
1446 3971 1525 4014 eo
1568 3952 1745 4035 quod
1775 3961 2041 4041 tempus
2086 3972 2210 4036 pro
2251 3955 2414 4015 tunc
2446 3934 2663 4034 pluvi-

322 4127 327 4132 ·
358 4069 550 4113 osum
568 4048 719 4124 fuit,
743 4049 1224 4116 comitantibus
1249 4051 1610 4138 Episcopis
1629 4055 1928 4122 London.
1956 4060 2026 4121 et
2046 4053 2358 4120 Dunelm.
2380 4051 2665 4139 aliisque

358 4152 655 4239 praelatis
705 4152 1049 4235 dioceseos
1100 4155 1303 4222 Ebor.
1358 4178 1439 4221 ac
1483 4157 1642 4223 aliis
1689 4161 1979 4225 dominis
2022 4156 2534 4243 temporalibus,
2581 4159 2695 4223 ad.

357 4255 711 4321 ecclesiam
736 4275 929 4320 suam
958 4259 1384 4344 procedebat,
1409 4260 1620 4346 pallio
1650 4284 1772 4349 pro
1796 4265 2050 4329 feretro
2075 4261 2304 4327 Sancti
2334 4260 2669 4326 Willelmi
2770 4324 2779 4331 ,

360 4360 672 4426 ordinato
736 4381 941 4448 super
992 4368 1197 4449 caput
1251 4364 1554 4448 ejusdem
1601 4373 1722 4457 per
1778 4368 2127 4433 ministros
2189 4362 2504 4430 Ecclesiae
2551 4366 2669 4431 de-

349 4469 646 4551 portato.
688 4484 691 4487 ’
1439 4479 1442 4482 “
