3117 5025
784 409 1305 476 Benedictiones
1336 412 1411 474 in
1451 412 1897 497 Quotidianis
1929 411 2209 475 Diebus.
2525 410 2651 475 357

437 578 590 637 Item
618 581 763 640 alia.

443 678 882 765 Omnipotens
913 682 1100 748 Deus
1132 685 1276 748 dies
1308 693 1576 751 vestros
1608 685 1677 748 in
1713 706 1835 750 sua
1866 706 2029 770 pace
2059 653 2399 771 disponat,
2431 688 2501 747 et
2533 702 2664 746 suae

241 863 246 873 q
358 784 550 847 vobis
581 785 1070 852 benedictionis
1102 789 1277 854 dona
1308 789 1648 854 concedat.
1738 792 1973 854 Amen.

443 889 547 952 Ab
580 891 890 956 omnibus
925 915 1044 957 vos
1068 895 1692 980 perturbationibus
1722 893 1986 970 liberet,
2013 899 2083 959 et
2112 897 2373 957 mentes
2405 900 2670 955 vestras

355 993 426 1055 in
459 1013 595 1057 suae
625 996 813 1078 pacis
845 998 1347 1083 tranquillitate
1379 999 1772 1064 consolidet.
1863 1000 2098 1063 Amen.

324 1140 330 1145 ·
444 1096 789 1181 Quatenus
834 1101 1008 1180 fidei,
1045 1104 1185 1188 spei
1220 1109 1286 1168 et
1334 1103 1641 1168 caritatis
1685 1104 1970 1188 gemmis
2002 1102 2247 1179 ornati,
2281 1106 2346 1165 et
2378 1114 2664 1186 praesen-

359 1208 494 1265 tem
555 1203 764 1285 vitam
834 1208 1232 1293 transigatis
1292 1207 1530 1284 inlaesi,
1594 1213 1665 1272 et
1726 1208 1810 1271 ad
1877 1213 2194 1271 aeternam
2254 1207 2715 1291 perveniatis·

362 1306 606 1369 securi.
693 1310 931 1373 Amen.

361 1428 368 1433 ·
450 1410 638 1495 Quod
669 1412 835 1497 ipse.
924 1420 1160 1480 Amen.

360 1582 363 1586 ,
452 1514 862 1581 Benedictio.
953 1521 1188 1582 Amen.

444 1703 783 1765 Benedictio
808 1730 977 1786 super
1002 1731 1203 1786 reyem,
1232 1710 1482 1768 dicenda
1511 1719 1754 1787 tempore
1781 1709 2004 1787 synodi.

452 1802 816 1870 Benedicat
862 1807 986 1871 tibi
1027 1807 1377 1885 Dominus,
1420 1808 1941 1892 custodiensque
1991 1813 2077 1884 te,
2124 1806 2300 1871 sicut
2344 1811 2413 1871 te
2463 1807 2679 1872 voluit

369 1926 571 1990 super
619 1910 940 1994 populum
997 1933 1189 1976 suum
1233 1914 1648 1976 constituere
1691 1932 1942 1996 regem,
1990 1912 2090 1975 ita
2136 1917 2206 1975 et
2251 1912 2318 1974 in
2365 1914 2675 1997 praesenti

372 2011 612 2076 saeculo
657 2013 942 2093 felicem,
976 2020 1045 2079 et
1093 2022 1355 2081 aeternae
1391 2015 1742 2080 felicitatis
1790 2016 2047 2080 tribuat
2083 2036 2239 2079 esse
2282 2023 2679 2080 consortem.

372 2117 610 2179 Amen.

464 2218 734 2285 Olerum
780 2244 858 2287 ac
903 2224 1223 2309 populum
1268 2247 1465 2310 quem
1501 2246 1626 2288 sua
1656 2222 1872 2287 voluit
1916 2222 2358 2308 opitulatione
2390 2245 2511 2308 pro
2558 2229 2681 2288 tua

380 2324 913 2391 sanctificatione
946 2329 1369 2413 congregari,
1403 2350 1525 2393 sua
1570 2327 2069 2413 dispensatione
2111 2335 2181 2390 et
2225 2333 2345 2392 tua
2374 2328 2691 2391 adminis-

381 2432 673 2496 tratione
732 2456 853 2519 per
921 2435 1242 2500 diuturna
1303 2442 1610 2521 tempora
1674 2434 1883 2499 faciat
1948 2433 2239 2497 feliciter
2303 2434 2691 2520 gubernari.

382 2539 615 2604 Amen.

461 2643 808 2728 Quatenus
840 2646 1086 2711 divinis
1116 2647 1389 2710 monitis
1435 2652 1770 2731 parenteS,
1804 2642 2330 2708 adversitatibus
2377 2644 2685 2707 omnibus

388 2756 715 2827 carenteS,
766 2751 957 2815 bonis
1015 2753 1325 2816 omnibus
1386 2752 1857 2825 exuberantes,
1905 2756 2024 2813 tuo
2083 2748 2455 2812 ministerio
2515 2748 2699 2812 fideli

386 2875 610 2918 amore
645 2857 1116 2940 obsequentes,
1152 2863 1224 2921 et
1256 2857 1323 2920 in
1356 2856 1672 2941 praesenti
1706 2853 1944 2919 saeculo
1977 2854 2162 2939 pacis
2203 2852 2696 2938 tranquillitate

383 2958 713 3037 fruantur,
749 2961 1083 3046 etgteeum
1131 2967 1528 3025 aeternorum
1578 2961 1821 3025 civium
1869 2958 2202 3024 consortio
2247 2958 2452 3044 potiri
2483 2979 2693 3021 mere-

389 3069 609 3127 antur.
700 3070 937 3129 Amen.

476 3166 863 3254 Quodssipse.
953 3172 1190 3233 Amen.

482 3271 888 3338 Benedicti0.
981 3276 1214 3337 Amen.

481 3469 817 3531 Benedictio
839 3443 923 3524 'acl
950 3465 1149 3523 omnia
1177 3483 1517 3540 quaecunque
1545 3462 1809 3541 volueris.

483 3568 790 3642 Benedic,
848 3563 1155 3637 Domine,
1205 3565 1586 3624 creaturam
1640 3560 1843 3623 istam
1898 3558 2004 3621 ill.
2061 3563 2139 3620 ut
2196 3556 2287 3620 sit
2334 3556 2700 3619 remedium

402 3661 701 3740 salutare
732 3669 965 3755 generi
997 3669 1289 3730 humano
1316 3688 1332 3741 ;
1381 3671 1451 3729 et
1473 3670 1720 3749 praesta
1749 3685 1869 3747 per
1900 3661 2384 3726 invocationem
2419 3661 2707 3723 nominis

403 3781 502 3845 tui
550 3783 626 3841 ut
656 3775 1033 3859 quicunque
1067 3790 1150 3833 ex
1182 3790 1264 3832 ea
1295 3763 1681 3851 sumpserit,
1715 3767 1948 3831 animae
1996 3763 2278 3829 tutelam
2312 3769 2378 3827 et
2409 3764 2706 3848 corporis
2796 3777 2803 3784 ’

407 3884 765 3948 sanitatem
796 3873 1140 3962 percipiat.
1232 3872 1380 3936 Per.
