3117 5025
501 352 587 415 92
952 357 1461 424 Reconciliatio
1491 357 1829 423 Ecclesiae
1858 358 1966 424 vel
2000 357 2403 423 G‘oemeterii.

614 674 1344 757 [REOONCILIATIO
1387 680 1854 747 EOOLESIAE
1896 679 2082 745 VEL
2125 675 2709 762 OOEMETER11.]

573 913 655 971 In
694 914 1147 975 reconciliatione
1192 916 1428 976 ecclesioe
1465 919 1582 977 sive
1621 919 1923 978 caemeterii
1961 918 2048 977 vel
2092 918 2328 977 alterius
2370 916 2480 976 loci
2516 914 2674 974 sacri
2716 914 2827 972 ubi

493 1010 726 1085 sanquis
754 1009 943 1086 fuerit
999 1009 1278 1094 [effusus],
1318 1021 1420 1072 aut
1459 1014 1835 1073 homicidium
1857 1013 2104 1091 sactum,
2146 1021 2248 1072 aut
2293 1012 2495 1091 aliqua
2533 1009 2828 1089 spurcitia

482 1104 710 1182 publice
726 1113 1076 1183 perpetrata.

569 1200 774 1259 Primo
813 1201 1149 1260 ordinentur
1185 1224 1322 1261 vasa
1363 1224 1492 1262 cum
1517 1224 1672 1281 aqua
1711 1211 1763 1263 et
1801 1204 1928 1262 alia
1952 1224 2092 1262 vasa
2131 1202 2522 1262 convenientia
2562 1200 2642 1259 ad
2668 1199 2826 1278 defe-

487 1295 727 1354 rendam
769 1317 1000 1374 aquam,
1051 1299 1158 1369 sal,
1211 1299 1377 1370 cinis,
1429 1300 1671 1372 vinum,
1664 1321 1678 1335 ·
1723 1311 1777 1358 et
1822 1300 2037 1359 induat
2080 1321 2137 1358 se
2182 1307 2362 1369 extra,
2412 1308 2481 1356 ut
2526 1317 2705 1375 supra
2752 1297 2827 1356 in

487 1390 839 1449 dedicatione
892 1394 1208 1465 coemeterii,
1265 1394 1500 1453 dicendo
1544 1345 1796 1472 psalmos
1850 1395 1954 1473 qui
2005 1395 2072 1453 in
2124 1393 2531 1453 consecratione
2582 1391 2827 1450 ecclesiae

489 1485 882 1559 intitulantur,
911 1509 1038 1546 cum
1057 1488 1318 1595 precibus
1344 1497 1396 1547 et
1422 1490 1694 1561 oratione,
1728 1490 1912 1561 Deus,
1939 1491 2038 1569 qui
2069 1497 2330 1569 paterna.

563 1579 771 1639 Postea
809 1583 999 1641 veniat
1037 1583 1323 1661 episcopus
1367 1605 1494 1643 cum
1534 1585 1730 1643 baculo
1775 1585 2072 1663 pastorali,
2114 1592 2347 1643 ornatus
2388 1557 2621 1652 amictu,
2666 1581 2828 1651 alba,

478 1677 623 1735 stola
639 1677 916 1755 pluviali,
949 1687 999 1737 et
1025 1700 1170 1757 capa
1196 1680 1264 1738 de
1291 1681 1443 1759 bysso
1470 1682 1538 1739 id
1564 1689 1640 1740 est
1667 1682 1943 1753 bokeram,
1972 1690 2022 1740 et
2047 1681 2230 1739 mitra
2254 1679 2513 1758 simplici
2537 1686 2588 1737 et
2621 1679 2822 1737 baculo

484 1773 606 1830 sine
631 1774 946 1850 manipula

556 1866 638 1924 In
663 1868 842 1925 eundo
871 1890 1056 1926 versus
1083 1868 1367 1927 ecclesiam
1394 1870 1479 1927 vel
1505 1870 1895 1942 caemeterium,
1926 1878 2182 1929 cantetur
2207 1870 2321 1927 haec
2349 1868 2689 1946 antiphona.

566 1961 752 2026 Deus
804 1963 874 2027 in
928 1968 1159 2028 sancto
1219 1964 1333 2029 via
1381 1970 1542 2042 tua3
1605 1966 1753 2051 quis
1805 1966 1992 2030 Deus
2052 1986 2336 2051 magnus
2399 1965 2575 2029 sicut
2628 1963 2825 2030 Deus

480 2071 748 2129 noster:
793 2070 871 2129 tu
903 2088 976 2130 es
1006 2067 1192 2131 Deus
1224 2068 1339 2151 qui
1369 2068 1538 2132 facis
1569 2068 1902 2134 mirabilia
1932 2090 2178 2153 magna
2209 2066 2415 2132 solus.

571 2170 687 2233 Pe.
779 2168 1114 2235 Viderunt
1142 2175 1208 2235 te
1240 2192 1447 2254 aquae.

560 2272 644 2329 Et
671 2278 800 2329 ante
826 2271 1016 2347 ipsam
1043 2272 1330 2330 ecclesiam
1356 2272 1579 2330 veniens
1607 2272 1693 2331 vel
1731 2272 2122 2345 coemeterium,
2149 2270 2403 2349 deposita
2428 2270 2627 2342 mitra,
2662 2269 2828 2330 dicat

479 2367 768 2445 episcopus
794 2367 941 2425 hanc
967 2367 1296 2425 orationem.

567 2463 871 2528 Oremus.

564 2567 998 2651 Omnipotens
1060 2565 1463 2651 sempiterne
1522 2564 1728 2643 Deus,
1788 2566 1901 2649 qui
1964 2565 2420 2631 sacerdotibus
2488 2564 2624 2629 tuis
2683 2569 2835 2650 prae'

475 2670 717 2735 ceteris
762 2675 1020 2734 tantam
1065 2669 1353 2754 gratiam
1401 2668 1767 2746 contulisti,
1802 2674 1879 2733 nt
1923 2669 2232 2752 quicquid
2278 2669 2347 2731 in
2389 2672 2505 2732 tuo
2552 2669 2825 2733 nomine

469 2773 667 2858 digne
711 2772 1134 2857 perfecteque
1166 2773 1250 2835 ab
1282 2771 1380 2835 eis
1422 2772 1668 2856 agitur,
1701 2793 1742 2835 a
1773 2778 1840 2835 te
1872 2771 2015 2836 fieri
2047 2771 2381 2848 creditur3
2428 2792 2814 2854 quaesumus

467 2877 859 2940 immensam
904 2875 1324 2941 clementiam
1367 2882 1572 2951 tuam,
1606 2879 1683 2940 ut
1726 2875 1901 2959 quod
1946 2877 2139 2939 modo
2183 2876 2524 2940 visitaturi
2575 2897 2810 2941 sumus

471 2979 726 3054 visiteS,
760 2984 830 3043 et
858 2978 1170 3062 quicquid
1213 2978 1628 3041 benedicturi
1662 2999 1912 3054 sumus,
1945 2979 2419 3065 beneffldicas3
2468 2978 2685 3062 sitque
2717 2979 2808 3043 ad

473 3091 716 3150 nostrae
747 3085 1150 3150 humilitatis
1180 3084 1551 3161 introitum,
1585 3088 1966 3148 sanctorum
2012 3089 2282 3147 tuorum
2322 3082 2603 3159 meritis,
2635 3083 2805 3168 fuga

472 3189 860 3264 daemonum,
892 3187 1114 3274 angeli
1146 3188 1329 3273 pacis
1361 3187 1729 3272 ingressus.
1818 3186 1949 3249 Per
1977 3185 2340 3250 Christum.

368 3282 413 3307 ‘⁸'
566 3294 827 3358 Oratio.
915 3294 1127 3357 Aufer
1192 3313 1234 3356 a
1298 3292 1511 3367 nobis,
1579 3288 1884 3364 Domine,
1949 3309 2344 3372 quaesumus,
2412 3287 2804 3372 iniquitates

467 3403 756 3475 nostras,
801 3401 879 3461 ut
931 3397 1015 3462 ad
1064 3395 1212 3459 loca
1263 3399 1380 3458 tuo
1433 3393 1681 3457 nomini
1733 3391 2145 3477 purificanda
2197 3391 2383 3476 puris
2427 3412 2807 3456 mereamur

470 3499 820 3564 mentibus·
836 3499 1168 3563 accedere.
1255 3496 1386 3560 Per
1412 3495 1790 3559 Dominum.

550 3602 710 3661 Tunc
737 3603 907 3661 intret
932 3601 1217 3678 episcopus
1256 3599 1540 3657 ecclesiam
1579 3598 1677 3676 (si
1712 3597 1788 3654 sit
1814 3595 2273 3671 reconcilianda)
2300 3595 2387 3655 vel
2411 3596 2801 3665 caemeterium,

467 3698 630 3755 choro
656 3705 882 3755 canente
909 3697 1055 3754 hanc
1082 3695 1472 3772 antiphonam.

552 3794 692 3857 Pax
742 3792 898 3855 huic
942 3790 1163 3854 domui
1212 3791 1254 3872 (
1252 3789 1361 3854 vel
1403 3786 1578 3873 loco)
1625 3794 1695 3851 et
1738 3786 2040 3850 omnibus
2083 3786 2547 3851 habitantibus
2593 3786 2660 3849 in
2716 3808 2803 3851 ea

466 3897 615 3981 (vel
643 3894 787 3979 eo);
834 3915 967 3979 pax
998 3892 1527 3978 ingredientibus
1558 3897 1629 3956 et
1660 3889 2176 3974 egredientibus,
2206 3888 2502 3953 alleluia.

549 3999 631 4056 Et
657 3997 880 4055 veniens
907 4016 1096 4054 coram
1136 4015 1294 4053 cruce
1320 3994 1388 4052 in
1426 3993 1653 4051 ecclesia
1679 3993 1765 4051 vel
1802 3992 1963 4069 infra
1990 3992 2361 4050 coemeterium
2401 3992 2469 4049 in
2494 3990 2795 4062 occidente,

466 4093 756 4154 accumbat
781 4112 948 4169 super
956 4089 1359 4168 faldistorium
1399 4088 1537 4146 dum
1562 4088 1780 4146 dicitur
1804 4087 2039 4158 litania,
2067 4094 2131 4144 ut
2168 4107 2349 4164 supra
2376 4086 2443 4144 in
2469 4085 2790 4144 ordinibus.

467 4190 552 4247 Et
596 4208 727 4247 cum
772 4194 996 4244 ventum
1025 4185 1216 4262 suerit
1262 4184 1341 4242 ad
1379 4204 1599 4242 versum
1644 4183 1748 4260 qui
1784 4203 1898 4260 pro
1937 4182 2168 4240 domino
2212 4181 2465 4260 episcopo
2505 4188 2789 4254 cantatur,

466 4291 662 4362 surqat
689 4283 975 4361 episcopus
1005 4288 1055 4339 et
1082 4280 1256 4339 dicat.

3088 1935 3095 1989 ῳ,-
3092 1845 3094 1851 -
3089 1241 3095 1786 μ-ᾼ,->
3077 629 3095 1190 ψώχᾼ

3028 3119 3035 3124 .

3085 2878 3095 3323 ψ
