3117 5025
528 381 653 444 142
1302 387 1705 450 Installate‘o
1748 391 2068 451 Abbatis.

1163 799 1771 867 INSTALLATIO
1816 800 2228 867 ABBATIS.

614 1001 730 1061 His
757 1004 863 1062 rite
885 1007 1148 1082 peractis,
1176 1005 1490 1064 deducatur
1514 1005 1595 1064 ad
1623 1006 1803 1063 locum
1830 1026 2015 1076 suum,
2045 1013 2094 1063 et
2135 1006 2202 1063 in
2229 1006 2392 1063 choro
2416 1026 2521 1084 per
2547 1025 2859 1082 campanas

536 1097 772 1156 ecclesiae
797 1099 1061 1157 investiat
1089 1120 1214 1157 eum
1243 1101 1551 1177 episcopus,
1584 1099 1793 1157 dicens.
2744 1156 2751 1165 ,

615 1190 860 1276 Accipe
881 1199 1282 1278 potestatem
1304 1194 1580 1278 regendi
1604 1195 1773 1259 hanc
1797 1193 2148 1258 ecelesiam
2175 1199 2244 1258 et
2263 1193 2851 1279 congregationem

527 1295 696 1377 ejus,
723 1302 791 1361 et
820 1297 1042 1361 omnia
1072 1318 1214 1381 quae
1245 1297 1529 1361 interius
1560 1297 1988 1380 exteriusque
2021 1296 2104 1360 ad
2137 1318 2284 1360 eam
2317 1296 2679 1380 pertinent.
2774 1295 2853 1359 In

526 1399 791 1462 nomine
824 1398 1090 1463 Domini
1135 1400 1344 1464 nostri
1376 1399 1420 1463 J
1425 1421 1542 1463 esu
1590 1398 1839 1463 Christi
1893 1399 2252 1464 salvatoris
2296 1406 2367 1464 et
2409 1399 2855 1483 redemptoris

534 1501 768 1565 nostri.
858 1501 983 1586 Qui
1015 1523 1164 1566 cum
1193 1501 1418 1567 Patre.

613 1604 749 1661 Post
775 1604 889 1662 hoec
915 1612 1219 1662 reverenter
1255 1614 1543 1662 statuatur
1571 1607 1635 1661 in
1676 1606 1814 1674 sede,
1846 1607 1946 1662 ubi
1987 1614 2293 1661 antecessor
2331 1607 2447 1679 ejus
2489 1606 2689 1662 solitus
2731 1613 2852 1661 erat

529 1704 697 1766 stare,
728 1698 1104 1756 nihilominus
1130 1699 1345 1757 dicente
1370 1700 1452 1757 sic
1479 1701 1751 1777 episcopo.

619 1791 741 1857 Sta
793 1793 861 1856 in
905 1791 1176 1875 justitia
1227 1799 1296 1857 et
1341 1794 1721 1869 sanctitat-e,
1770 1800 1837 1857 et
1889 1796 2104 1858 retine
2162 1794 2377 1858 locum
2437 1796 2558 1858 tibi
2615 1817 2655 1859 a
2709 1795 2849 1857 Deo

528 1893 930 1979 delegatum.
1022 1895 1267 1960 Potens
1294 1902 1400 1959 est
1432 1900 1655 1959 autem
1688 1895 1893 1972 Deus,
1924 1903 1998 1959 ut
2032 1903 2279 1982 augeat
2309 1897 2431 1962 tibi
2464 1897 2776 1982 gratiam.

617 1998 713 2092 Et
743 2000 842 2061 sic
871 2000 1274 2080 incipiatur,
1308 2000 1400 2061 Te
1433 1997 1647 2062 Deum
1679 1999 2050 2063 laudamus.

618 2101 776 2160 Tunc
828 2103 959 2160 dent
1012 2105 1067 2161 ei
1117 2105 1305 2161 cuncti
1340 2102 1559 2178 fratres
1611 2104 1772 2180 pacis
1825 2105 2073 2161 osculum
2128 2126 2254 2162 cum
2308 2106 2465 2163 omni
2518 2105 2847 2175 reverentia,

520 2197 798 2271 flectentes
824 2219 1006 2273 qenua
1026 2221 1047 2268 ;
1088 2199 1169 2255 sic
1207 2218 1333 2255 eum
1359 2198 1428 2255 de
1455 2206 1628 2256 cetero
1667 2206 1729 2254 ut
1756 2198 1957 2255 datum
1986 2200 2021 2231 ’θ
2052 2220 2086 2254 α
2118 2199 2238 2256 Deo
2286 2195 2456 2277 [sibi]
2492 2198 2854 2275 spiritualem

414 2350 419 2355 ,
529 2299 773 2369 patrem,
802 2301 852 2350 et
879 2293 1091 2350 honeste
1118 2292 1412 2349 humiliter
1436 2293 1786 2368 praevideant
1816 2293 2196 2349 constitutum.

618 2387 842 2445 Deinde
869 2389 1134 2445 dicantur
1165 2387 1277 2444 haec
1304 2387 1579 2463 capitula.

629 2482 900 2547 Salvum
932 2482 1037 2547 fac
1071 2502 1334 2546 servum
1367 2487 1554 2546 tuum
1587 2505 1600 2545 ε

588 2578 595 2586 ’
625 2585 809 2649 Deus
841 2607 1047 2660 meus,
1082 2590 1459 2668 sperantem
1492 2586 1560 2647 in
1593 2591 1681 2648 te.

622 2688 790 2755 Esto
822 2690 903 2763 ei,
937 2689 1239 2763 Domine,
1274 2689 1478 2750 turris
1511 2688 1929 2751 fortitudinis
1964 2712 1978 2750 z

626 2795 686 2857 A
716 2793 885 2856 facie
917 2791 1188 2854 inimici.

621 2896 815 2961 Nihil
848 2894 1155 2979 proficiat
1185 2892 1492 2956 inimicus
1524 2894 1591 2955 in
1626 2915 1743 2957 eo:

618 3000 707 3063 Et
735 2997 914 3060 filius
945 2995 1320 3078 iniquitatis
1353 3016 1482 3057 non
1515 3000 1811 3080 apponat
1841 3017 2079 3059 nocere
2114 2997 2197 3058 ei.

621 3104 884 3166 Memor
914 3106 1061 3164 esto
1096 3099 1637 3183 congregationis
1669 3106 1800 3163 tuae
1827 3123 1841 3163 :

622 3207 831 3291 Quam
861 3202 1218 3289 possedisti
1251 3204 1333 3266 ab
1367 3202 1580 3265 initio.

619 3307 901 3373 Domine
935 3305 1197 3370 exaudi.

618 3412 710 3476 Et
739 3410 1010 3474 elamor.

616 3514 938 3578 Dominus
969 3511 1328 3575 vobiscum.

616 3616 901 3691 Exaudi,
948 3613 1249 3689 Domine,
1296 3634 1524 3697 preces
1580 3617 1866 3687 nostras,
1922 3617 1992 3675 et
2045 3634 2244 3698 super
2295 3614 2469 3677 hunc
2520 3615 2844 3678 famulum

526 3727 717 3786 tuum
741 3718 829 3783 N.
863 3716 1185 3800 Spiritum
1216 3721 1346 3780 tuae
1369 3713 1851 3779 benedictionis
1876 3714 2143 3791 emitte;
2194 3722 2268 3779 ut
2290 3716 2542 3781 coelesti
2573 3739 2844 3780 munere

524 3824 802 3897 ditatus,
835 3826 906 3885 et
933 3824 1064 3884 tuae
1094 3819 1328 3905 gratiae
1360 3818 1577 3903 possit
1619 3839 1863 3882 munus
1892 3820 2237 3901 acquirere
2271 3827 2341 3884 et
2385 3822 2550 3885 bene
2582 3822 2846 3886 vivendi

527 3926 679 3991 aliis
710 3922 1082 4006 exemplum
1115 3921 1428 4006 praebere.

601 4029 805 4087 Postea
819 4046 1005 4110 ‘novus
1034 4025 1201 4082 abbas
1229 4025 1436 4082 induat
1464 4044 1537 4092 se,
1572 4033 1622 4080 et
1649 4024 1988 4082 sollemniter
2014 4026 2189 4082 missa
2218 4026 2462 4083 dicatur.

523 4297 558 4330 ⁴⁸*
593 4294 681 4350 Sic
706 4291 805 4346 MS
829 4290 886 4345 G.
915 4290 972 4344 0.
1001 4290 1057 4344 G.
1089 4288 1354 4345 'la—MS
1375 4288 1583 4361 Pontzf.
1612 4288 1943 4358 Bainbridye
1967 4289 2247 4344 domnum.
