3117 5025
806 387 1254 452 Consecratio
1294 386 1614 452 Oleorum
1644 396 1709 452 et
1747 387 2184 452 Chrismatie.
2436 413 2443 426 ·
2483 382 2652 481 ‘259

329 588 820 675 deportandum
866 592 1172 657 chrisma.
1269 592 1349 656 ln
1401 593 1620 678 primo
1665 592 1928 670 ordine,
1973 590 2350 677 praecedant
2408 587 2657 654 vexilla

325 692 483 756 tria.
570 694 651 757 lu
707 695 1019 772 secunde,
1069 694 1200 758 duo
1254 695 1646 760 ceroferarii
1698 694 1875 761 albis
1925 694 2203 759 indutis.
2292 693 2373 757 In
2424 691 2653 766 tertio,

325 797 456 861 duo
500 798 933 864 thuribularii
979 799 1049 863 in
1082 800 1289 864 simili
1322 800 1583 865 habitu.
1673 800 1754 864 In
1786 804 2049 884 quarte,
2079 798 2213 863 duo
2260 796 2649 862 subdiaconi

322 899 704 966 deferentes
748 902 918 967 duos
962 903 1227 968 codices
1273 903 1635 989 evangelii.
1725 903 1806 967 In
1852 902 2111 988 quint0,
2141 901 2466 965 diaconus
2510 919 2646 966 am·

326 1000 581 1086 pullam
633 1025 782 1068 cum
837 1004 988 1069 oleo
1042 1005 1304 1070 deferat
1364 1005 1450 1070 ad
1509 1005 1805 1070 chrisma
1852 1003 2400 1078 consecrandum,
2448 1021 2654 1085 supra

324 1125 525 1189 quam
569 1105 966 1190 deportetur
995 1107 1533 1172 tabernaculum.
1624 1107 1706 1170 In
1741 1112 1934 1172 sexto
1968 1106 2223 1183 ordine,
2252 1104 2385 1169 duo
2416 1122 2651 1168 cruces

319 1208 763 1293 deportentur
808 1232 850 1275 a
879 1211 1140 1275 duobus
1172 1211 1527 1297 acolythis,
1560 1210 1735 1276 albis
1779 1210 2040 1276 indutis
2084 1230 2233 1274 cum
2265 1206 2646 1283 amictibus,

323 1313 449 1376 sub
480 1313 940 1389 tabernaculo,
972 1336 1108 1378 uno
1138 1335 1182 1379 a
1211 1314 1494 1391 dextris,
1526 1319 1598 1380 et
1627 1313 1846 1378 altero
1879 1335 1922 1378 a
1953 1313 2250 1377 sinistris
2280 1309 2646 1396 ampullam

317 1414 685 1481 deferente.
773 1416 1031 1481 Deinde
1079 1417 1557 1494 archidiaconi,
1590 1416 2064 1481 archidiacono
2109 1416 2181 1480 in
2224 1415 2447 1479 medio
2492 1433 2646 1479 con-

323 1517 587 1596 stituto,
620 1524 690 1584 et
722 1520 823 1585 ita
852 1521 939 1585 ad
970 1520 1189 1586 altare
1219 1520 1820 1606 processionaliter
1849 1519 2195 1586 accedant.

409 1622 504 1689 Et
532 1628 691 1688 ante
724 1623 902 1688 idem
933 1625 1446 1690 tabernaculum
1476 1625 1862 1710 praecedant
1890 1625 2023 1688 duo
2053 1622 2266 1709 pueri,
2296 1624 2651 1686 cantantes

315 1724 386 1788 in
434 1727 943 1812 superpelliceis
989 1728 1444 1814 praecedentes
1477 1726 1845 1813 ampullam
1885 1726 2275 1791 chrismatis
2304 1725 2644 1809 hymnum,

328 1829 382 1894 O
415 1829 852 1912 Redemptor.

409 1933 534 2018 Qui
566 1934 722 1998 dum
748 1939 1024 2000 cantant
1050 1936 1207 2000 dum
1226 1922 1305 1999 ‘se
1330 1941 1668 2011 moveant,
1694 1936 1897 2001 choro
1922 1939 2262 2010 cantante,
2285 1951 2648 2017 parumper

319 2038 707 2121 procedant,
741 2039 842 2103 ita
887 2039 1062 2123 quod
1106 2040 1175 2103 in
1222 2040 1462 2105 ultimo
1508 2060 1710 2104 versu
1757 2041 2202 2125 permaneant
2230 2036 2317 2101 ad
2361 2034 2645 2122 gradum

321 2140 568 2206 altaris
622 2162 847 2206 coram
904 2143 1239 2229 episcop0,
1288 2151 1358 2209 et
1410 2145 1653 2208 chorus
1706 2146 2159 2228 prosequatur
2204 2143 2363 2225 post
2409 2159 2651 2202 unum-

321 2262 651 2330 quemque
683 2266 974 2326 versum,
1009 2247 1275 2313 scilicet
1312 2250 1366 2315 O
1396 2248 1839 2329 Redemptor.

408 2350 501 2415 Et
551 2371 701 2414 cum
752 2353 1185 2437 pervenerint
1236 2352 1322 2417 ad
1384 2374 1654 2417 versum
1715 2354 1929 2416 Stans
1981 2352 2080 2414 ad
2127 2370 2352 2423 aram,
2407 2351 2648 2432 surgat

320 2454 675 2540 episcopus
707 2461 774 2519 et
806 2454 1091 2521 inclinet
1121 2476 1194 2521 se
1239 2477 1463 2522 coram
1497 2455 1723 2534 altari,
1755 2454 2072 2519 videlicet
2114 2453 2183 2517 in
2216 2451 2457 2529 medio,
2491 2450 2646 2515 dum

321 2579 561 2622 versus
593 2564 926 2624 cantetur.

413 2660 704 2726 Cantato
737 2683 937 2726 versu
967 2662 1201 2728 redeat·
1232 2666 1587 2750 episcopus
1618 2663 1704 2728 ad
1737 2663 1963 2728 sedem
1999 2682 2210 2726 suam.

410 2769 677 2855 Hymno
710 2774 984 2834 cantato
1031 2774 1337 2835 revertat
1365 2771 1722 2856 episcopus
1753 2770 1841 2833 ad
1884 2769 2127 2845 altare,
2162 2773 2232 2831 et
2261 2765 2655 2852 porrigatur

319 2873 380 2936 ei
435 2872 736 2957 ampulla
788 2893 937 2936 cum
993 2872 1163 2951 oleo,
1218 2896 1363 2959 quae
1419 2875 1626 2939 habet
1686 2872 2072 2939 chrismatis
2120 2870 2649 2955 inscriptionem.

318 2976 578 3041 Deinde
633 2975 1000 3041 misceatur
1041 2977 1112 3041 in
1160 2999 1242 3042 ea
1292 2978 1669 3043 balsamum
1723 2978 1810 3043 ab
1856 2978 2194 3062 episcopo,
2244 2975 2341 3039 sic
2383 2974 2647 3039 dicente

322 3084 608 3156 secret0,
639 3079 812 3144 Haee
845 3083 1258 3145 commixtim

407 3184 592 3247 Tunc
627 3183 859 3247 statim
887 3183 1245 3269 episcopus
1276 3184 1557 3270 incipiat
1581 3183 2086 3270 genuflectendo
2117 3184 2434 3268 hymnum
2479 3182 2648 3244 Vem·

326 3288 636 3363 Creator,
686 3291 758 3351 et
801 3287 903 3351 ita
945 3293 1265 3352 cantetur
1310 3295 1499 3353 totus
1545 3289 1855 3372 hymnus,
1898 3291 1978 3351 ut
2020 3286 2278 3371 primus
2322 3304 2562 3348 versus
2607 3304 2649 3348 a

319 3390 587 3454 clericis
621 3410 815 3454 secus
863 3389 1080 3454 altare
1129 3397 1479 3457 cantetur:
1528 3390 1864 3456 secundus
1908 3412 1951 3454 a
1980 3395 2123 3454 toto
2169 3388 2397 3464 chore,
2432 3390 2502 3450 et
2545 3386 2648 3450 ita

315 3491 710 3556 alternatim
740 3497 1075 3556 cantetur.
1131 3487 1136 3491 ⁴

394 3578 537 3679 Quo
585 3599 859 3659 cantato
909 3600 1152 3680 surgat
1205 3595 1567 3680 episcopus
1622 3614 1989 3659 conversus
2043 3593 2130 3659 ad
2184 3592 2512 3656 orientem
2568 3591 2638 3655 in

319 3698 560 3761 dextro
586 3718 792 3761 cornu
815 3697 1081 3773 altariS,
1100 3703 1207 3762 ter
1231 3699 1493 3784 signum
1517 3698 1736 3763 crucis
1754 3697 2011 3762 faciens
2037 3717 2240 3782 super
2260 3693 2646 3781 ampullam,

322 3808 394 3866 et
425 3808 534 3865 ter
580 3802 860 3866 sufflans
904 3802 973 3866 in
1006 3823 1107 3878 ea,
1140 3801 1238 3866 ita
1283 3803 1728 3867 exorcismum
1777 3805 2227 3885 prosequatur
2272 3821 2422 3863 cum
2464 3808 2647 3863 nota.

313 3906 660 3968 Eoeoreizo
697 3916 778 3981 te,
809 3904 929 3968 &c.

407 4008 657 4072 Postea
690 4008 874 4071 dicat
918 4007 1270 4092 episcopus
1301 4007 1835 4072 benedictionem
1869 4029 2015 4070 cum
2061 4007 2395 4071 Dominus
2425 4007 2646 4070 vobis-

316 4133 468 4175 cum
499 4132 650 4175 cum
683 4117 865 4176 nota.
963 4112 1262 4189 Oremue,
1277 4113 1549 4195 fratres
1581 4112 1952 4176 carissimi.

404 4213 657 4298 Quibus
689 4214 912 4291 dietis,
944 4213 1127 4280 dicat
1157 4214 1517 4301 episcopus
1564 4215 1792 4280 altiori
1843 4236 2004 4278 voce
2052 4213 2536 4299 praefationem,
2570 4219 2647 4275 ut

316 4320 705 4384 continetur
735 4320 803 4383 in
836 4320 1240 4386 Pontificali.

501 4424 626 4485 32*
