3117 5025
60 4751 72 4810 ὴ-
57 4537 82 4740 *t.—‘·‘

1009 406 1450 469 Consecratio
1496 402 1880 488 Viryinum.
2462 388 2600 467 '213

370 611 466 676 Te
520 610 933 685 invocamus,
980 607 1286 685 Domine,
1335 613 1566 673 sancte
1613 607 1838 683 Pater,
1888 607 2313 692 omnipotens
2358 612 2605 674 fleterne

287 712 496 791 Deus,
531 734 735 797 super
776 714 950 778 hanc
982 711 1304 776 famulam
1337 717 1543 787 tuam,
1575 731 1719 795 quae
1752 710 1876 775 tibi
1916 711 2109 776 vovit
2139 713 2391 777 servire
2437 732 2611 796 pura

283 823 509 881 mente
558 816 938 900 mundoque
992 815 1213 890 eorde,
1262 820 1341 879 ut
1392 834 1541 878 eam
1593 813 1850 877 sociare
1904 812 2205 898 digneris
2257 814 2440 880 inter
2489 813 2609 878 illa

279 924 550 982 centum
604 918 1052 1003 quadraginta
1102 924 1396 1002 quatuor
1454 915 1669 980 millia
1720 915 2080 981 infantium
2139 917 2254 1002 qui
2305 917 2607 1004 virgines

284 1027 824 1104 permanserunt,
855 1022 925 1085 in
972 1041 1257 1105 quorum
1288 1041 1405 1085 ore
1449 1019 1646 1084 dolus
1687 1018 2006 1085 inventus
2037 1042 2170 1084 non
2203 1026 2350 1097 est;
2397 1027 2469 1087 et
2511 1021 2611 1085 ita

286 1127 465 1190 hanc
494 1125 815 1191 famulam
847 1131 1033 1190 tuam
1076 1125 1290 1190 facias
1320 1144 1716 1209 permanere
1761 1123 2261 1190 immaculatam
2292 1125 2365 1190 in
2394 1127 2616 1202 finem,

284 1248 408 1313 per
454 1228 957 1293 immaculatum
1016 1227 1376 1293 Dominum
1424 1231 1732 1292 nostrum
1784 1226 2020 1292 Jesum
2074 1226 2445 1306 Christum,
2492 1227 2606 1314 qui

285 1337 513 1396 tecum
546 1331 735 1396 vivit.
831 1374 840 1383 -

369 1434 510 1493 Post
536 1434 651 1492 hoec
680 1433 880 1492 tradat
907 1433 1094 1491 alicui
1109 1414 1324 1511 puellce
1351 1452 1571 1492 cereum
1597 1432 1678 1491 ad
1705 1431 2004 1491 tenendum
2033 1439 2082 1490 et
2109 1432 2304 1508 offerat
2320 1451 2529 1510 panem
2557 1440 2608 1491 et

282 1529 489 1587 vinum
529 1529 803 1607 episcopo,
846 1529 948 1588 hoc
984 1529 1168 1588 modo.
1260 1528 1434 1606 Virqo
1482 1526 1615 1587 Deo
1659 1528 1878 1599 dicata,
1919 1535 2161 1604 utraque
2205 1547 2386 1586 manu
2428 1527 2601 1587 linteo

285 1633 570 1703 cooperta,
624 1633 807 1684 teneat
860 1625 928 1684 in
980 1646 1162 1684 manu
1213 1624 1442 1684 dextera
1480 1632 1760 1703 patenam
1812 1643 1942 1683 cum
1995 1624 2206 1698 oblata,
2252 1624 2321 1682 in
2372 1625 2614 1684 sinistra

286 1719 524 1777 calicem
550 1739 680 1777 cum
704 1720 863 1793 vino,
892 1727 942 1778 et
960 1719 1271 1798 procedens
1306 1718 1385 1776 ad
1411 1719 1772 1795 offerendum,
1799 1719 1993 1777 mittat
2021 1719 2268 1778 oblatam
2293 1719 2362 1777 de
2397 1728 2610 1798 patena

285 1833 396 1871 sua
437 1813 507 1872 in
543 1822 813 1891 patenam
854 1834 1030 1892 quam
1072 1814 1363 1891 episcopus
1404 1813 1490 1871 vel
1528 1813 1650 1890 ejus
1695 1814 1973 1872 diaconus
2016 1814 2234 1874 tenebit.
2317 1814 2609 1874 Similiter

290 1906 499 1966 vinum
550 1908 847 1984 offerendo,
902 1907 1157 1986 effundat
1216 1907 1369 1966 illud
1421 1908 1488 1966 in
1548 1908 1787 1968 calicem
1841 1930 2005 1986 quem
2064 1910 2267 1968 tenebit
2325 1912 2617 1989 episcopus

292 2021 541 2059 vacuum
558 2023 583 2074 ;
621 2002 935 2080 iterumque
962 2003 1214 2082 accipiat
1240 2024 1477 2074 cereum,
1508 2010 1561 2061 et
1586 2011 1689 2062 stet
1714 2003 2002 2062 inclinata
2028 2023 2201 2082 usque
2227 2007 2613 2078 communicet,

292 2096 382 2154 vel
407 2105 722 2156 revertatur
747 2097 827 2155 ad
867 2099 1050 2157 locum
1077 2098 1144 2156 in
1184 2118 1292 2175 quo
1328 2099 1497 2177 prius
1534 2098 1708 2170 stetit,
1736 2097 1909 2156 donec
1947 2099 2139 2157 veniat
2179 2099 2259 2157 ad
2298 2101 2614 2158 communi-

292 2192 547 2251 candum
564 2215 589 2265 ;
629 2201 682 2251 et
708 2194 884 2252 missa
909 2201 1239 2273 peraqatur.
1822 2273 1826 2277 .

383 2286 822 2347 Communicato
849 2290 1123 2368 episcopo,
1152 2297 1204 2347 et
1230 2289 1364 2348 dato
1389 2290 1553 2366 siyno
1581 2309 1619 2347 a
1646 2289 1890 2347 diacono
1928 2289 2236 2367 procedant
2260 2288 2514 2366 viryines
2541 2292 2621 2350 ad

296 2383 768 2455 communionem,
783 2404 904 2442 una
914 2394 1044 2462 post
1067 2384 1268 2457 aliam,
1283 2385 1588 2444 secundum
1603 2384 1863 2443 ordinem
1881 2405 1906 2457 ;
1946 2384 2148 2462 quibus
2170 2385 2620 2459 communicatis,

296 2483 352 2538 'et
401 2477 578 2538 missa
610 2479 810 2557 finita,
853 2479 1090 2539 veniant
1134 2480 1215 2539 ad
1259 2481 1583 2561 episcopum
1610 2479 1903 2539 ‘sedentem
1947 2481 2016 2540 in
2061 2480 2329 2540 cathedra
2374 2480 2615 2559 sinquloe

296 2573 573 2651 viryines,
604 2582 655 2631 et
681 2574 918 2651 offerant
945 2596 1123 2634 cereos
1148 2576 1217 2634 in
1242 2596 1422 2635 manu
1449 2575 1702 2655 episcopi
1722 2597 1747 2648 ;
1785 2583 1837 2634 et
1875 2583 2008 2635 tunc
2035 2576 2345 2656 episcopus,
2372 2575 2621 2636 detracto

296 2671 584 2729 velamine
602 2691 729 2749 proe
757 2671 954 2742 oculis,
970 2669 1194 2747 faciem
1220 2671 1470 2748 virqinis
1498 2673 1829 2750 co-operiat,
1858 2679 1909 2731 et
1936 2673 2067 2751 ipsa
2095 2673 2276 2750 vir90‚
2306 2673 2624 2732 deosculata

293 2786 478 2824 manu
505 2766 774 2843 episcopi,
802 2766 1054 2845 incipiat
1079 2767 1228 2825 hanc
1254 2767 1649 2845 antiphonam,

386 2861 629 2926 Posuit
681 2862 947 2946 signum
995 2862 1064 2925 in
1124 2862 1365 2927 faeiem
1424 2883 1663 2940 meam,
1709 2866 1788 2928 ut
1848 2862 2105 2927 nullum
2167 2869 2414 2949 praeter
2472 2887 2621 2931 eum

300 2971 676 3031 amatorem
709 2964 1082 3030 admittam.

375 3068 461 3125 Et
509 3086 639 3125 cum
685 3067 788 3125 hoc
824 3066 1070 3143 fecerint
1115 3066 1378 3144 sinyuloe,
1426 3076 1561 3127 tunc
1617 3089 1803 3127 omnes
1847 3069 2043 3141 simul,
2093 3071 2263 3147 quasi
2317 3079 2619 3131 avertentes

300 3163 567 3242 scapulas
595 3183 632 3220 a
662 3162 898 3241 populo,
932 3163 1327 3240 inyredientwr
1365 3164 1616 3236 chorum,
1645 3172 1935 3224 cantantes
1975 3164 2055 3222 R.
2088 3164 2358 3245 Regnum
2399 3169 2621 3228 mundi.

303 3260 387 3317 Et
426 3258 512 3317 sic
538 3258 797 3335 deinceps
832 3266 1208 3335 permaneant
1246 3258 1314 3317 in
1352 3279 1571 3317 summo
1611 3260 1839 3319 silentio
1875 3280 2050 3336 usque
2088 3260 2157 3318 in
2182 3260 2413 3319 tertium
2453 3262 2625 3336 diem,

300 3355 459 3413 nihil
512 3354 773 3412 omnium
818 3353 1055 3412 illorum
1101 3354 1556 3413 vestimentorum
1602 3376 1726 3432 quoe
1779 3355 1845 3413 in
1900 3355 2279 3414 benedictione
2324 3356 2623 3416 habuerint

304 3457 561 3509 mentes
586 3448 672 3508 vel
696 3455 993 3519 mutantes,
1025 3449 1148 3507 nisi
1172 3456 1397 3507 tantum
1422 3450 1736 3508 subtalares
1755 3449 1992 3528 pedum.

378 3545 480 3604 Sic
507 3544 767 3622 deinceps
794 3544 890 3602 die
915 3552 1188 3621 noctuque
1205 3544 1471 3622 psalmis,
1500 3545 1729 3623 hymnis
1756 3553 1807 3604 et
1834 3544 2092 3617 canticis,
2121 3545 2308 3621 mayis
2332 3545 2620 3607 devotione

306 3639 497 3700 cordis
525 3660 698 3717 quam
724 3639 1109 3698 modulatione
1134 3639 1304 3713 vocis,
1338 3638 1569 3699 Christo
1597 3638 1875 3714 Domino,
1904 3639 2003 3698 cui
2026 3660 2081 3698 se
2106 3648 2390 3712 voverunt,
2405 3641 2629 3718 juqiter

307 3737 522 3798 servire
549 3735 871 3795 intendant.

384 3832 541 3892 Item
566 3829 905 3908 episcopalis
933 3828 1240 3888 benedictio
1264 3849 1433 3907 super
1460 3850 1606 3901 eam,

392 3925 705 4003 Effunde,
752 3924 1055 4002 Domine,
1102 3943 1502 4008 quaesumus,
1550 3923 1885 3990 coelestem
1938 3925 2490 4006 benedictionem,
2536 3927 2628 4009 [et

308 4042 564 4105 cetera,
594 4039 673 4093 ut
702 4049 919 4111 supra
937 4049 1015 4110 p.
1055 4029 1228 4113 168.]

396 4130 814 4214 [Benedictio
860 4130 988 4195 Dei
1035 4129 1364 4210 Pa>1<tris,
1407 4134 1479 4196 et
1523 4128 1761 4211 Fiffilii
1810 4134 1881 4196 et
1929 4130 2220 4218 Spiritus
2262 4131 2344 4214 ›1‹
2399 4132 2626 4200 Sancti

313 4258 518 4323 super
550 4254 669 4300 vos
698 4233 1059 4300 descendat
1085 4240 1157 4300 et
1185 4239 1454 4300 maneat
1484 4254 1766 4319 semper.
1812 4255 2025 4302 manu
2051 4238 2467 4322 recentiori.]

1860 4414 1903 4430 ‘'⁵2-
