3117 5025
500 404 628 468 342
1244 404 1644 470 Benedictio
1691 403 2070 488 Viryinum.

582 580 751 642 Ant.
844 577 1008 642 Haec
1077 582 1184 642 est
1248 578 1600 662 generatio
1675 575 2114 660 quaerentium
2191 570 2572 644 Dominum,
2642 589 2814 651 quae-

495 680 788 745 rentium
820 681 1057 745 faciem
1091 681 1219 745 Dei
1248 681 1483 745 Jacob.

581 784 698 847 Pa.
790 782 1060 847 Domini
1093 788 1201 847 est
1230 788 1436 847 terra.
1526 792 1591 846 et
1625 781 1879 846 Gloria.

585 888 847 951 Oratio·
938 886 1213 962 Praesta,
1264 886 1687 970 omnipotens
1737 884 1942 960 Deus,
1997 883 2155 945 huic
2204 878 2458 944 famulo
2508 881 2627 941 tuo
2681 876 2813 951 ill„

496 988 688 1073 cujus
719 987 918 1052 hodie
966 988 1209 1072 capitis
1256 1010 1513 1053 comam
1558 1009 1679 1074 pro
1726 988 1953 1052 divino
1985 1006 2211 1050 amore
2255 981 2710 1067 deposuimus,
2740 983 2820 1042 ut

495 1093 565 1155 in
618 1096 738 1156 tua
791 1090 1150 1155 dilectione
1206 1094 1531 1176 perpetuo
1585 1094 1876 1168 maneat,
1925 1094 1996 1154 et
2041 1109 2191 1152 eum
2239 1085 2383 1150 sine
2435 1081 2700 1147 macula
2745 1081 2816 1144 in

497 1193 980 1280 sempiternum
1012 1195 1376 1258 custodias,
1466 1192 1619 1257 Per.

754 1431 1088 1497 ORATIO
1135 1431 1259 1497 AD
1303 1431 1930 1499 DIAOONISSAM
1973 1426 2546 1497 FACIENDAM.

581 1620 864 1699 Exaudi,
909 1620 1216 1699 Domine,
1267 1644 1503 1707 preces
1555 1628 1853 1699 nostras,
1899 1626 1970 1686 et
2020 1640 2221 1705 super
2271 1619 2445 1682 hanc
2492 1612 2814 1678 famulam

493 1728 682 1788 tuam
711 1725 819 1788 ill.
853 1724 1161 1808 spiritum
1195 1732 1324 1791 tuae
1355 1727 1840 1792 benedictionis
1873 1726 2125 1799 emitte,
2150 1728 2229 1787 ut
2255 1719 2511 1786 coelesti
2539 1735 2815 1780 munere

492 1826 727 1901 ditata,
774 1831 845 1891 et
894 1833 1026 1892 tuae
1077 1830 1370 1912 gratiam
1421 1831 1640 1914 possit
1687 1829 2067 1913 majestatis
2121 1825 2468 1909 acquirere
2523 1825 2591 1884 et
2641 1819 2813 1883 bene

492 1930 760 1993 vivendi
793 1930 948 1995 aliis
981 1933 1359 2017 exemplum
1391 1935 1704 2018 praebere.
1793 1934 1947 1997 Per.

602 2133 1155 2201 BENEDIOTIO
1198 2137 1617 2203 VESTIUM
1661 2137 1983 2201 VIDUAE
2029 2133 2210 2198 VEL
2254 2128 2696 2195 VIRGINIS.

584 2321 789 2398 DeuS,
844 2323 957 2406 qui
1019 2325 1496 2391 vestimentum
1546 2327 1843 2391 salutare
1906 2329 1977 2389 et
2035 2323 2496 2387 indumentum
2550 2318 2810 2379 aeternae

484 2426 927 2509 jocunditatis
972 2428 1111 2493 tuis
1155 2430 1465 2494 fidelibus
1510 2431 1915 2517 promisisti3
1964 2426 2385 2494 clementiam
2430 2428 2614 2486 tuam
2655 2439 2809 2502 sup-

493 2530 758 2615 pliciter
802 2550 1175 2608 exoramuS‚
1223 2539 1302 2597 ut
1345 2535 1482 2597 haec
1527 2535 1936 2610 indumenta,
1983 2530 2433 2595 humilitatem
2478 2522 2697 2588 cordis
2744 2526 2813 2585 et

493 2636 949 2716 contemptum
981 2635 1211 2698 mundi
1244 2636 1713 2721 significantia,
1739 2637 1981 2720 quibus
2011 2631 2265 2697 famula
2293 2634 2415 2694 tua
2442 2627 2549 2690 ill.
2577 2629 2809 2689 sancto

492 2735 853 2799 visibiliter
897 2741 1003 2800 est
1054 2737 1476 2804 informanda
1528 2740 1894 2825 proposito,
1941 2737 2273 2824 propitius
2319 2730 2693 2802 benedicas,
2742 2732 2814 2791 et

493 2840 703 2904 beatae
759 2838 1096 2902 castitatis
1146 2841 1470 2917 habitum,
1517 2864 1715 2926 quem
1766 2849 1834 2907 te
1880 2841 2252 2926 inspirante
2302 2832 2693 2917 susceperit,
2740 2837 2809 2894 te

494 2945 890 3026 protegente
922 2943 1276 3007 custodiat.
1368 2945 1515 3009 Per.

582 3041 787 3117 DeuS‚
835 3043 1160 3107 bonarum
1202 3047 1526 3111 virtutum
1575 3048 1768 3112 dator
1820 3052 1890 3112 et
1934 3045 2226 3111 omnium
2271 3037 2808 3105 benedictionum

495 3149 726 3232 largus
768 3147 1050 3224 infusor,
1085 3151 1325 3213 exaudi
1370 3173 1605 3236 preces
1650 3158 1940 3228 nostras,
1975 3156 2042 3215 et
2072 3152 2245 3214 hanc
2291 3150 2570 3218 vestem,
2604 3162 2805 3225 quam

491 3250 748 3315 famula
792 3255 911 3314 tua
955 3252 1062 3315 ill.
1109 3273 1229 3336 pro
1276 3257 1732 3320 conservando
1780 3253 2117 3320 castitatis
2161 3253 2353 3336 signo
2397 3268 2472 3312 se
2504 3243 2806 3329 adoperi-

490 3354 727 3420 endam
759 3355 1082 3437 exposcit,
1117 3358 1504 3422 benedicere
1538 3363 1609 3424 et
1640 3359 2057 3424 sanctificare
2089 3353 2410 3440 digneris.
2497 3350 2648 3414 Per.

551 3608 1104 3676 BENEDIOTIO
1148 3612 1572 3679 VIRGINIS
1616 3615 1735 3679 AB
1780 3609 2208 3677 EPISGOPO
2252 3604 2742 3673 FACIENDA.

581 3797 884 3882 Respice»
916 3799 1219 3879 Domine,
1250 3804 1581 3889 propitius
1624 3825 1826 3889 super
1867 3804 2040 3867 hanc
2084 3797 2401 3864 famulam
2446 3799 2632 3858 tuam
2676 3790 2810 3867 ill„

490 3907 567 3965 ut
600 3906 842 3964 sanctae
873 3902 1283 3988 virginitatis
1315 3908 1751 3992 propositum,
1778 3908 1953 3991 quod
1982 3911 2050 3969 te
2082 3902 2452 3986 inspirante
2486 3893 2804 3978 suscepit,

493 4011 561 4070 te
592 4003 1007 4088 gubernante
1041 4010 1402 4073 custodiat.·
1489 4010 1640 4074 Per.

575 4104 821 4175 Quando
847 4126 1071 4166 sacrum
1104 4110 1356 4170 velamen
1384 4112 1617 4190 accipit,
1647 4112 1950 4170 dicendum
1979 4118 2074 4169 est.

581 4200 847 4286 Accipe,
880 4203 1127 4287 puella,
1162 4209 1466 4271 sanctum
1495 4208 1796 4295 pallium,
1831 4206 2004 4292 quod
2035 4204 2338 4291 perferas
2371 4200 2517 4263 sine
2545 4194 2810 4260 macula

495 4308 649 4368 ante
680 4305 977 4370 tribunal
1007 4306 1272 4395 Domini
1306 4310 1519 4375 nostri
1549 4310 1592 4375 J
1596 4332 1717 4375 esu
1749 4311 2022 4376 Christi.
2113 4307 2199 4370 R.
2290 4305 2525 4368 Amen.
