3117 5025
381 376 388 382 ⁴
472 396 605 460 380
1082 403 1586 468 Inthronizatio
1618 402 2167 486 Archiepiscopi.

554 570 647 636 Et
691 572 761 635 in
807 577 1137 640 cantando
1184 577 1431 643 dictam
1464 578 1900 663 antiphonam
1934 578 2324 656 Firmetur,·
2370 575 2762 660 priusquam

464 676 852 761 incipietur,
913 680 1227 745 dominus
1286 682 1601 747 Decanus
1670 681 2054 766 accipiendo
2120 680 2461 745 dominum
2526 676 2767 743 Archi-

469 780 854 866 episcopum
909 806 1030 869 per
1089 807 1383 862 manum,
1436 787 1657 871 ipsum
1719 785 2011 851 adducet
2060 785 2143 850 ad
2206 806 2397 849 suum
2454 784 2769 849 thronum

456 885 658 968 juxta
687 885 903 952 altare
929 910 1267 974 magnum,
1294 912 1413 974 pro
1439 891 1588 976 ipso
1612 890 1975 954 honorifice
1998 889 2400 963 ordinatum,
2425 896 2493 951 et
2523 885 2765 950 ibidem

469 1010 672 1074 super
740 993 1330 1080 Archiepiscopum
1407 1001 1564 1060 ante
1631 996 1950 1061 thronum
2020 1014 2211 1060 suum
2283 994 2367 1059 ad
2436 991 2766 1077 quoddam

470 1093 837 1158 scabellum
913 1105 1327 1181 prostratum
1405 1101 1747 1165 orationes
1816 1121 1965 1164 cum
2036 1099 2390 1163 versiculis
2459 1096 2769 1182 superius

471 1199 725 1263 notatis
743 1198 1152 1283 *solemniter
1183 1203 1588 1268 decantabit.

596 1301 854 1387 Quibus
929 1306 1309 1372 decantatis
1383 1308 1701 1392 praefatus
1777 1307 2087 1372 dominus
2160 1305 2473 1369 Decanus
2546 1303 2767 1388 ipsum

468 1403 806 1470 dominum
848 1411 1443 1497 Archiepiscopum
1474 1412 1543 1475 in
1577 1412 1892 1476 thronum
1927 1432 2119 1475 suum
2150 1409 2404 1474 ducens
2435 1408 2615 1471 dicet
2646 1406 2770 1470 sub

473 1509 599 1574 hac
628 1510 870 1576 forma.

551 1613 633 1671 In
657 1615 775 1673 Dei
799 1616 1026 1674 nomine
1054 1616 1257 1674 Amen.
1345 1617 1703 1675 Auctoritate
1730 1616 1976 1693 ejusdem
2003 1625 2055 1676 et
2081 1618 2248 1693 hujus
2267 1625 2473 1674 sanctae
2499 1615 2771 1674 Ecclesiae

478 1707 652 1767 Ebor.
676 1732 775 1769 nos
802 1710 886 1770 N.
921 1709 1190 1771 Decanus
1212 1714 1377 1770 istius
1403 1714 1671 1772 Ecclesiae
1704 1712 1877 1771 Ebor.
1909 1735 2001 1771 vos
2030 1713 2420 1771 Reverendum
2446 1713 2513 1771 in
2544 1711 2771 1772 Christo

469 1814 697 1883 patrem
737 1814 788 1864 et
826 1807 1122 1865 dominum
1168 1817 1423 1867 nostrum
1470 1810 1768 1868 dominum
1807 1808 1893 1867 N.
1939 1810 2134 1887 qratia
2174 1809 2293 1869 Dei
2334 1808 2508 1867 Ebor.
2559 1807 2776 1866 Archi·

421 1886 430 1897 ’
477 1902 814 1980 episcopum,
876 1904 1112 1980 Anylioe
1164 1905 1485 1964 Primatem
1529 1915 1581 1963 et
1633 1909 1692 1962 A
1694 1906 1980 1982 postolicae
2031 1905 2178 1962 sedis
2232 1906 2495 1980 leyatum,
2549 1906 2616 1962 in
2667 1905 2775 1962 hac

475 2007 831 2057 sacrosancta
848 2001 971 2058 sede
983 2000 1183 2078 prima
1202 2010 1251 2059 et
1268 2003 1679 2080 metropolitica
1701 2002 1867 2076 hujus
1881 2010 2090 2060 sanctae
2113 2000 2384 2058 Ecclesiae
2401 2002 2774 2059 Eboracensis

475 2093 942 2166 inthronizamus,
985 2097 1365 2168 installamus‚
1407 2106 1458 2155 et
1498 2097 1842 2168 inducimus,
1885 2118 1951 2154 ac
1991 2097 2219 2154 realiter
2269 2097 2598 2153 investimus
2645 2116 2773 2154 cum

476 2191 732 2248 omnibus
778 2191 897 2248 suis
937 2192 1168 2267 juribus
1215 2201 1265 2249 et
1307 2193 1676 2270 pertinentiis
1720 2194 2001 2250 universis
2019 2215 2043 2264 ;
2096 2200 2147 2249 et
2184 2192 2265 2250 sic
2311 2191 2775 2261 inthronizatum,

478 2286 836 2344 installatum
861 2294 912 2344 et
932 2287 1226 2345 inductum
1245 2288 1621 2365 personaliter
1647 2288 1993 2345 dimittimus
2019 2288 2085 2344 in
2112 2288 2218 2344 hac
2243 2294 2596 2345 sacrosancta
2611 2286 2734 2343 sede
2754 2308 2777 2356 ;

478 2381 544 2438 in
570 2401 682 2457 qua
708 2382 859 2438 idem
889 2378 1178 2438 Dominus
1205 2389 1387 2439 noster
1412 2382 1465 2440 J
1460 2404 1582 2440 esus
1616 2382 1877 2440 Christus
1899 2382 2177 2440 custodiat
2204 2382 2506 2440 introitum
2533 2389 2774 2439 vestrum

478 2498 543 2535 eoe
568 2478 667 2536 hoc
691 2499 843 2536 minc
869 2486 921 2536 et
945 2499 1116 2555 usque
1143 2479 1209 2536 in
1235 2478 1519 2536 soeculum.

563 2576 654 2639 Et
714 2598 861 2640 cum
932 2576 1215 2661 legendo
1285 2578 1708 2661 pervenisset
1774 2577 1860 2641 ad
1928 2577 2130 2639 verba
2195 2576 2775 2652 Inthronizamus,

476 2681 944 2754 installamus‚
977 2681 1194 2765 ipsum
1227 2682 1562 2745 dominum
1612 2683 2204 2766 Archiepiscopum
2246 2683 2474 2764 posuit
2502 2682 2570 2745 in
2622 2682 2775 2745 sede

480 2808 603 2851 sua
650 2787 1050 2872 supradicta.
1153 2788 1649 2870 Subsequenter
1702 2807 2118 2870 vero-super
2167 2787 2381 2871 ipsum
2439 2787 2777 2851 dominum

481 2891 1070 2974 Archiepiscopum
1120 2891 1459 2955 sedentem
1493 2890 1561 2952 in
1608 2892 1852 2954 throno
1885 2891 2169 2974 quodam
2201 2898 2425 2954 tractu
2473 2891 2784 2955 videlicet

479 2997 893 3059 Benedictus
954 3015 1210 3057 necnon
1263 2996 1466 3058 certis
1524 2995 1826 3058 collectis
1890 3002 1959 3059 et
2010 2994 2364 3057 versiculis
2416 3016 2457 3058 a
2511 2996 2777 3059 domino

476 3100 746 3163 Decano
802 3097 1192 3160 solemniter
1258 3099 1654 3174 decantatis,
1712 3083 1965 3163 scilicet
2026 3098 2383 3164 versiculis
2440 3099 2778 3164 Eoealtent

468 3213 624 3269 'eum
649 3206 762 3287 §ra
786 3210 856 3268 et
877 3205 962 3266 In
984 3205 1315 3268 cathedra
1336 3207 1679 3269 seniorum
1700 3207 1810 3285 §¹⁰-
1835 3226 1979 3268 cum
2006 3205 2307 3268 oratione
2340 3205 2773 3286 Omnipotens

483 3313 714 3385 Pater,
763 3318 994 3372 sancte
1049 3310 1230 3371 Deus
1278 3319 1540 3386 aeterne,
1590 3311 1709 3392 qui
1761 3311 1871 3390 ᾂσ.
1923 3317 1993 3373 et
2036 3312 2338 3373 oratione
2394 3309 2600 3384 Deus,
2654 3314 2777 3392 qui

481 3418 717 3478 adesse
746 3435 881 3475 non
913 3414 1309 3496 dediynaris
1343 3415 1455 3493 §¹⁰-

564 3517 817 3601 Quibus
847 3515 1076 3590 finitis,
1109 3523 1330 3578 rector
1361 3516 1547 3579 chori
1582 3516 1863 3601 incipiet
1908 3517 2191 3581 officium
2226 3517 2442 3579 missae
2473 3516 2539 3579 in
2574 3519 2776 3581 choro

484 3622 561 3683 de
594 3620 722 3694 die,
755 3640 902 3683 cum
934 3619 1234 3682 oratione
1283 3620 1485 3695 Deus,
1521 3622 1640 3701 qui
1671 3622 1874 3703 diyne
1910 3621 2036 3682 tibi
2069 3619 2502 3683 servientium
2521 3642 2546 3698 ,⁶
2596 3620 2770 3683 Secr.

476 3726 703 3809 Auser
762 3744 808 3785 a
870 3724 1065 3785 nobis
1127 3723 1413 3785 Domine
1467 3724 1791 3802 spiritum
1861 3725 2196 3803 superbiae
2257 3724 2391 3803 ἀφ’
2455 3730 2523 3786 et
2583 3724 2774 3788 Post-

430 3845 434 3852 ‘
477 3828 937 3894 communione
1010 3828 1335 3907 Corporis
1389 3828 1577 3890 sacri
1645 3836 1710 3890 et
1748 3830 2043 3908 pretiosi
2099 3829 2477 3910 Sanguinis
2531 3829 2777 3909 repleti

483 3935 805 3998 libamine
840 3933 948 4011 ἕω.
2645 4005 2649 4009 ,

565 4038 654 4102 Et
676 4035 994 4120 praefatus
1026 4034 1334 4097 dominus
1358 4035 1925 4122 Archiepiscopus
1948 4036 2189 4100 dictam
2224 4036 2497 4099 missam
2531 4035 2775 4099 ibidem

478 4145 546 4206 in
608 4142 851 4205 throno
914 4160 1035 4202 suo
1098 4159 1310 4222 usque
1364 4139 1448 4203 ad
1512 4141 1923 4205 offertorium
1987 4161 2028 4203 a
2087 4140 2289 4203 choro
2350 4139 2776 4204 decantatum

480 4244 864 4317 celebrabit,
891 4248 956 4305 et
990 4246 1147 4305 tunc
1171 4242 1580 4316 descendens
1612 4267 1655 4307 a
1683 4244 1925 4308 throno
1951 4243 2032 4307 ad
2059 4244 2276 4308 altare
2309 4244 2394 4308 ad
2427 4243 2781 4308 lavandum

480 4369 716 4414 manus
780 4367 962 4420 suas,
1025 4346 1296 4410 missam
1361 4347 1604 4412 ibidem
1670 4354 1947 4433 peraget
2001 4369 2210 4431 usque
2274 4348 2356 4438 ad
2422 4349 2780 4412 secundam
