3117 5025
496 365 537 423 4
1144 362 1245 425 De
1280 359 1752 425 Celebratione
1783 360 2159 445 Pontificis.

964 531 1071 589 Ad
1098 532 1398 589 Amictum
1425 515 1824 608 imponendum
1852 531 2033 608 capiti
2056 551 2155 588 suo
2182 531 2352 588 dicat.

597 626 883 709 Spiritus
946 626 1227 692 Sanctus
1289 626 1717 710 superveniat
1773 625 1841 690 in
1900 647 2025 703 me,
2086 632 2158 690 et
2218 626 2429 689 virtus
2488 622 2821 688 Altissimi

509 729 930 793 obumbrabit
958 735 1157 814 caput
1188 749 1425 792 meum.

1491 830 1595 888 Ad
1621 829 1855 887 Albam.

599 924 919 989 Miserere
952 926 1099 1000 mei,
1132 925 1347 1015 DeuS,
1368 925 1682 989 miserere
1727 924 1876 1001 mei,
1909 928 1979 988 et
2022 924 2268 989 munda
2311 945 2415 988 me
2460 944 2501 987 a
2531 920 2828 986 reatibus

518 1027 793 1102 cunctiS,
826 1033 902 1092 ut
932 1049 1080 1090 cum
1111 1028 1247 1091 illis
1293 1028 1403 1112 qui
1435 1026 1914 1091 dealbaverunt
1960 1025 2168 1091 stolas
2201 1047 2358 1091 suas
2388 1026 2457 1089 in
2506 1023 2830 1109 sanguine

521 1131 574 1193 A
583 1129 699 1214 gni
731 1150 1106 1192 mereamur
1133 1130 1385 1214 perfrui
1417 1130 1680 1216 gaudiis
1710 1130 2069 1213 perpetui&

1497 1231 1600 1289 Ad
1625 1233 1862 1290 Zonam.

608 1326 940 1411 Praecinge
994 1347 1117 1402 me,
1160 1326 1460 1402 Domine,
1508 1347 1675 1389 zona
1717 1326 2021 1408 justitiae,
2069 1331 2139 1388 et
2190 1325 2572 1411 constringe
2620 1323 2688 1385 in
2735 1343 2839 1384 me

524 1428 1033 1492 delectationem
1063 1427 1189 1490 Dei
1221 1431 1291 1491 et
1320 1428 1621 1513 proximi.

1499 1529 1605 1585 Ad
1631 1528 1865 1587 Stolam.

619 1623 808 1687 Stola
858 1623 1139 1705 justitiae
1202 1623 1552 1699 circumda,
1606 1622 1907 1698 Domine,
1961 1625 2281 1688 cervicem
2341 1644 2579 1697 meam,
2643 1630 2712 1684 et
2762 1623 2848 1684 ab

528 1728 703 1789 omni
736 1727 1156 1807 corruptione
1188 1725 1440 1808 peccati
1471 1725 1748 1808 purifica
1782 1738 2064 1788 mentem
2099 1747 2334 1789 meam.

1465 1827 1572 1882 Ad
1603 1826 1901 1884 Tunicam.

625 1921 833 1985 Indue
865 1940 989 1994 me,
1021 1918 1321 1997 Domine,
1355 1920 1752 1984 vestimento
1785 1919 2043 1997 salutiS,
2076 1929 2145 1984 et
2190 1920 2575 1985 indumento
2620 1919 2866 1983 laetitiae

540 2024 872 2088 circumda
902 2044 1005 2084 me
1040 2043 1320 2105 semper.

1413 2125 1467 2180 Α
1476 2125 1517 2180 d
1546 2122 1962 2181 Dalmaticum.

632 2221 737 2284 Da
796 2219 979 2296 mihi,
1028 2218 1331 2295 Domine,
1389 2240 1657 2283 sensum
1711 2227 1780 2281 et
1839 2240 2088 2296 vocem,
2144 2227 2217 2283 ut
2276 2219 2525 2303 possim
2589 2225 2867 2283 cantare

545 2324 808 2387 laudem
840 2329 1025 2386 tuam
1060 2323 1144 2386 ad
1177 2324 1342 2386 hanc
1377 2322 1669 2385 missam.

1483 2423 1586 2482 Ad
1613 2422 1921 2480 Fanonem.

637 2520 845 2583 Indue
890 2538 1016 2594 me,
1063 2518 1265 2581 Pater
1309 2517 1842 2593 clementissime,
1890 2540 2130 2581 novum
2176 2519 2528 2595 hominem,
2575 2520 2882 2603 deposito

555 2623 764 2685 veteri
815 2642 961 2684 cum
1014 2621 1273 2684 actibus
1316 2619 1476 2695 suia,
1516 2621 1630 2702 qui
1687 2620 2043 2684 secundum
2098 2620 2307 2684 Deum
2358 2630 2621 2685 creatus
2665 2632 2771 2686 est
2815 2624 2885 2685 in

545 2724 815 2806 justitia
844 2729 913 2786 et
944 2722 1300 2785 sanctitate
1336 2721 1662 2784 veritati&

1502 2820 1610 2878 Ad
1641 2820 1926 2880 Casulam.

644 2917 852 2981 Indue
900 2936 1026 2989 me,
1072 2914 1371 2989 Domine,
1419 2913 1626 2978 lorica
1672 2914 1825 2978 fidei
1879 2923 1949 2980 et
1999 2917 2196 3002 galea
2250 2918 2487 2983 salutis
2532 2942 2610 2984 ac
2656 2921 2883 3005 gladio

563 3020 849 3106 Spiritus
884 3017 1129 3081 Sancti.
1222 3018 1456 3081 Amen.

656 3135 878 3194 Deinde
920 3134 1076 3192 dicat
1129 3133 1415 3210 episcopus
1458 3142 1586 3192 ante
1623 3155 1796 3210 quam
1838 3136 2059 3193 accedat
2098 3136 2176 3194 ad
2217 3138 2412 3209 altare,
2498 3140 2769 3200 Introibo
2810 3145 2889 3200 ad

564 3233 747 3290 altare
784 3230 909 3301 Dei,
940 3228 1036 3286 (fic.
1068 3236 1131 3284 ut
1158 3228 1469 3286 continetur
1495 3229 1562 3286 in
1587 3228 1839 3286 Missali.

664 3324 809 3384 Cum
851 3343 975 3381 vero
1016 3321 1299 3399 episcopus
1339 3323 1553 3379 exuerit
1594 3323 1845 3380 casulam
1886 3331 1935 3380 et
1976 3323 2099 3380 alia
2141 3324 2472 3384 indumenta
2513 3328 2885 3406 episcopalia,

564 3422 719 3477 dicat
745 3419 839 3475 hos
866 3417 1126 3493 psalmos,
1158 3415 1256 3472 sub
1281 3436 1393 3472 uno
1426 3416 1630 3474 Gloria
1662 3416 1845 3485 Patri,
1879 3437 2006 3474 cum
2036 3417 2140 3475 hac
2169 3419 2498 3496 antiphona,

656 3513 883 3576 Trium
914 3531 1289 3594 puerorum.

662 3617 774 3676 Pe.
825 3612 1200 3675 Benedicite
1235 3611 1632 3686 sacerdoteS,
1666 3633 1875 3694 usque
1908 3615 2245 3695 adfinem.
2336 3614 2530 3693 [Dan.
2565 3619 2655 3682 iii.
2691 3622 2805 3706 83]

833 3712 1130 3776 Laudate
1161 3710 1512 3775 Dominum
1543 3713 1612 3774 in
1646 3714 1896 3775 sanctis
1928 3714 2093 3795 ejuS.
2184 3717 2296 3793 [Ps
2328 3717 2434 3801 οὶ]

666 3819 786 3878 Pa.
833 3814 1029 3877 Nunc
1057 3814 1355 3876 dimittis.
1448 3812 1540 3892 [S.
1574 3814 1731 3876 Luc.
1767 3813 1832 3874 ii.
1868 3817 1998 3898 29]

757 3915 985 3979 Gloria
1014 3915 1218 3978 Patri.
1312 3914 1496 3988 Sicut
1525 3922 1689 3978 erat.

671 4020 929 4083 Deinde
962 4019 1220 4079 dicitur
1252 4018 1652 4096 antiphona,
1751 4016 1972 4078 Trium
2011 4039 2377 4099 puel-orum.
