3117 5025
464 380 595 445 256
937 386 1380 453 Consecratio
1417 385 1736 454 ocem-um
1766 395 1833 451 et
1870 382 2302 449 chrismatis.

1186 591 1336 652 Tota
1360 601 1541 653 mente
1567 614 1729 653 sacro
1743 591 1904 671 sonte

1248 687 1611 766 Efficqantur
1635 688 1932 759 crimina3

1256 783 1440 843 Uncta
1452 781 1668 860 fronte,
1699 788 2062 842 sacrosancta

1243 877 1514 953 Inflnunt
1538 875 1909 937 charismata.

872 970 1113 1032 ChoruS.
1200 970 1249 1030 0
1283 970 1645 1050 Redemptor.

1176 1065 1358 1127 Corde
1382 1073 1554 1125 natus
1582 1073 1632 1125 et
1656 1066 1915 1145 parentis

1249 1160 1474 1221 Alvum
1501 1160 1743 1240 implens
1770 1160 2041 1239 virqinis,

1247 1256 1472 1317 Praesta
1499 1256 1680 1316 lucem
1697 1276 1723 1327 ;
1760 1255 1962 1315 claude
1986 1262 2200 1316 noctem

1252 1350 1603 1412 Chi-ismatie
1628 1352 1991 1411 consortibus.

854 1446 1097 1508 ChoruS.
1185 1447 1235 1507 0
1265 1445 1630 1525 Redemptor.

1169 1542 1263 1602 Sit
1288 1543 1404 1601 haec
1431 1541 1551 1600 dies
1561 1540 1717 1620 festa
1743 1542 1903 1601 nobis

1247 1636 1598 1699 soeculorum
1624 1637 1844 1697 saeculie
1866 1659 1886 1696 .·

1246 1732 1342 1793 Sit
1369 1739 1602 1792 sacrata
1628 1732 1799 1792 lande
1824 1732 2029 1811 diqna,

1249 1827 1370 1887 Nec
1395 1836 1641 1888 senescat
1668 1836 1929 1907 tempore.

854 1924 1099 1985 ChoruS.
1184 1924 1236 1983 Ο
1269 1923 1630 2003 Redemptor.

548 2018 700 2085 Hoc
741 2017 946 2097 dicto,
990 2025 1383 2086 revertatur
1427 2021 1786 2107 episcopus
1831 2020 1917 2086 ad
1963 2020 2203 2097 altare,
2233 2024 2304 2086 et
2348 2017 2697 2082 deferatur
2739 2034 2784 2078 a

459 2124 664 2190 tertio
709 2123 989 2190 diacono
1035 2122 1340 2209 ampulla
1385 2145 1541 2190 ,cum
1596 2125 1743 2191 oleo
1797 2147 1941 2211 quae
1991 2125 2201 2190 habet
2245 2120 2633 2190 chrismatis
2683 2118 2785 2182 in-

459 2226 895 2314 scriptionem
964 2230 1033 2293 et
1094 2226 1466 2293 misceatur
1524 2227 1598 2292 in
1665 2250 1748 2294 ea
1802 2228 2203 2295 balsamum.
2295 2227 2513 2311 Super
2578 2242 2776 2307 quam

461 2332 839 2417 episcopua,
883 2334 993 2394 ter
1043 2330 1263 2395 crucis
1317 2329 1584 2415 signum
1636 2330 1894 2397 faciens
1938 2335 2181 2416 terque
2228 2330 2300 2394 in
2349 2350 2432 2395 ea
2483 2328 2782 2403 sufflans,

462 2453 827 2499 conversus
858 2431 945 2496 ad
974 2431 1303 2498 orientem
1334 2431 1435 2498 ita
1462 2433 1819 2501 benedicat
1848 2433 2148 2500 chrisma
2176 2431 2469 2498 dicens.*

548 2538 885 2603 Dominus
914 2537 1279 2602 vobiscum.

551 2640 807 2706 Oratio.
904 2640 1203 2717 Oremuc,
1217 2643 1491 2724 fratres
1523 2643 1895 2719 carissimi,
1925 2644 2038 2707 &c.

550 2742 711 2810 Alia
740 2741 981 2808 oratio.
1070 2744 1360 2808 Domine
1391 2743 1576 2808 Deus
1606 2745 1942 2822 Sabaoth,
1974 2746 2087 2810 διο.

551 2848 713 2915 Alia
743 2846 985 2911 oratio.
1081 2848 1523 2930 Omnipotens
1552 2858 1619 2914 et
1647 2849 2376 2932 incomprehensibilis,
2407 2847 2529 2913 διο.

552 2953 738 3016 Tune
770 2949 953 3014 dicat
980 2949 1213 3015 altiori
1242 2970 1424 3014 voce.

547 3055 668 3116 Per
693 3052 889 3112 omnia
914 3050 1120 3111 soecula
1145 3051 1493 3126 soeculorum,
1524 3052 1625 3112 ὥσ.

548 3147 885 3217 Praefatio.
990 3149 1160 3214 Vere
1182 3151 1483 3233 diqnum‚
1507 3151 1798 3217 AEterne
1818 3151 2027 3230 Deus,
2048 3152 2170 3236 qui
2194 3153 2267 3216 in
2285 3151 2641 3235 principio
2659 3150 2783 3215 διο.

547 3256 714 3321 Post
763 3254 891 3319 has
934 3251 1438 3318 benedictiones
1483 3254 1660 3319 idem
1700 3254 2023 3320 diaconus
2069 3256 2349 3320 eandem
2398 3254 2787 3320 chrismatis

462 3357 828 3447 ampullam
877 3356 1154 3422 sindone
1202 3377 1335 3441 qua
1363 3356 1644 3422 indutus
1686 3365 1792 3425 est
1836 3358 2228 3445 co-operiat,
2261 3359 2673 3443 eandemque
2719 3360 2790 3422 in

463 3465 742 3530 dext-era
772 3465 967 3547 parte
999 3459 1239 3526 altaris
1271 3480 1620 3545 quousque
1651 3464 1713 3528 A
1720 3484 1898 3548 qnae
1927 3465 2062 3529 Dei
2091 3464 2380 3542 canitur,
2415 3468 2607 3529 stans
2637 3484 2786 3528 cum
2878 3485 2890 3494 ·

462 3565 866 3643 reverentia,
892 3568 1146 3629 teneat.

463 3757 498 3791 ⁴⁸*
535 3755 643 3825 Εἰς]
666 3754 730 3809 in
752 3752 987 3822 margin,
1024 3750 1239 3806 Winton
1263 3751 1380 3806 and
1413 3751 1693 3808 Worceeter
1710 3774 1802 3807 :—

533 3844 670 3898 Haec
709 3838 1012 3895 commixtio
1052 3837 1323 3909 liquorum
1349 3838 1467 3910 fiat
1501 3842 1750 3897 omnibns
1778 3843 2064 3913 perunctis
2085 3843 2413 3914 propitiatio
2453 3849 2502 3900 et
2541 3845 2785 3900 custodia

459 3930 721 3987 saltaturis
741 3928 807 3982 in
829 3926 1031 3981 soecuza
1056 3927 1388 3986 soeculorum.
1461 3929 1657 3985 Amen.

532 4018 655 4074 Hoc
677 4015 843 4084 dioto,
872 4019 1054 4069 vertat
1078 4030 1134 4070 se
1159 4014 1444 4089 episcopus
1469 4016 1538 4072 ad
1566 4014 1756 4091 altare,
1783 4024 1840 4075 et
1864 4019 2100 4094 incipiat
2124 4020 2334 4078 festive.

543 4104 689 4175 Veni,
722 4101 955 4158 Creator.

531 4192 805 4248 Dominus
829 4190 1104 4246 vobiscum.
1135 4190 1226 4246 &a
