3117 5025
536 360 663 423 386
703 447 710 455 ι
1042 361 1399 424 Concessio
1433 358 1794 424 Altarium
1829 361 2309 425 Portabilium.

1647 636 1735 699 V.

1351 808 2030 875 SUPER-ALTARS.

628 1019 1028 1085 Concession
1059 1020 1134 1083 of
1160 1018 1603 1104 super-altars
1633 1019 1718 1102 by
1742 1017 2161 1102 Archbishop
2192 1018 2450 1102 Kempe
2482 1021 2552 1081 to
2584 1017 2842 1081 certain

542 1126 835 1191 eminent
864 1146 1141 1210 persons
1187 1124 1255 1186 in
1286 1125 1400 1189 the
1446 1124 1709 1187 diocese
1743 1144 1827 1185 on
1858 1121 2203 1205 authority
2235 1121 2308 1184 of
2347 1142 2387 1184 a
2416 1120 2614 1206 papal
2646 1121 2839 1184 brief.

546 1229 995 1294 1448—1451.

628 1385 670 1451 J
675 1386 992 1461 ohannes,
1022 1383 1454 1448 miseratione
1485 1381 1709 1447 divina
1737 1382 1857 1447 &c.
1887 1380 2130 1446 dilecto
2161 1380 2228 1443 in
2262 1378 2532 1443 Christo
2563 1378 2843 1464 Hugoni

540 1489 954 1576 Wyllughby
1010 1489 1382 1573 Armigero,
1439 1486 1745 1561 salutem,
1797 1485 2087 1570 gratiam
2148 1489 2219 1548 et
2269 1482 2839 1556 benedictionem;

538 1616 685 1659 cum
735 1590 1201 1657 sanctissimus
1246 1592 1312 1653 in
1363 1590 1632 1655 Christo
1677 1594 1873 1674 pater
1918 1596 1987 1653 et
2015 1588 2320 1651 dominus
2369 1593 2604 1650 noster
2631 1586 2846 1650 domi-

542 1719 670 1762 nus
729 1694 1124 1770 Nicholaus,
1175 1694 1402 1758 divina
1458 1692 1881 1777 providentia
1933 1713 2108 1776 papa
2160 1693 2453 1775 quintus,
2507 1688 2700 1753 nobis
2758 1689 2844 1751 de

542 1803 765 1890 gratia
830 1823 963 1866 suae
1025 1801 1406 1865 sanctitatis
1472 1821 1654 1863 mero
1715 1804 1899 1864 motu
1969 1820 2088 1863 suo
2157 1796 2557 1863 concedendi
2615 1798 2846 1861 decem

537 1906 842 1993 personis
908 1904 1264 1981 nobilibuS,
1332 1905 1412 1969 de
1484 1904 1725 1988 quibus
1789 1904 1985 1968 nobis
2051 1902 2409 1980 videbitur,
2476 1907 2555 1966 ut
2614 1921 2846 1966 earum

537 2011 850 2097 quaelibet
874 2010 1121 2074 habere
1145 2008 1363 2094 possit
1392 2007 1609 2073 altare
1640 2007 1989 2093 portabile,
2016 2009 2139 2072 sub
2171 2012 2356 2071 certa
2376 2006 2593 2069 forma
2621 2004 2842 2068 literis

543 2116 684 2178 suis
714 2112 1122 2199 Apostolicis
1154 2132 1494 2196 expressa,
1526 2133 1805 2195 quarum
1838 2117 2034 2175 tenor
2065 2109 2367 2195 sequitur
2409 2114 2477 2174 et
2507 2114 2613 2173 est
2641 2108 2844 2183 talis3
2932 2165 2937 2170 .

541 2226 579 2253 “
592 2215 963 2282 Nicholaus
982 2215 1332 2300 episcopus
1355 2236 1592 2278 servus
1614 2237 1951 2279 servorum
1973 2214 2097 2279 Dei
2118 2214 2359 2278 dilecto
2370 2212 2508 2276 filio
2527 2212 2568 2276 J
2572 2212 2843 2289 ohanni,

572 2321 724 2388 ituli
770 2321 837 2386 S.
885 2320 1174 2385 Balbinae
1222 2321 1598 2404 presbitero
1654 2319 2012 2395 cardinali,
2058 2319 2257 2382 Ebor.
2300 2316 2842 2401 Archiepiscopo,

544 2426 833 2491 salutem
880 2431 951 2490 et
995 2425 1458 2510 Apostolicam
1504 2425 2051 2489 benedictionem.
2140 2422 2305 2487 Cum
2351 2428 2427 2485 tu
2475 2420 2845 2485 Romanam

536 2530 909 2606 ecclesiam,
944 2529 1134 2613 cujus
1166 2529 1554 2594 honorabile
1583 2530 1947 2592 membrum
1978 2528 2234 2603 existis,
2261 2532 2527 2590 tuorum
2557 2526 2845 2588 honores

540 2633 1003 2719 magnitudine
1039 2633 1449 2709 meritorum,
1481 2654 1604 2696 nos
1636 2632 1976 2715 cupientes
2008 2638 2194 2695 tuam
2225 2651 2486 2714 quoque
2516 2628 2845 2708 honorare

542 2758 918 2823 personam,
970 2723 1048 2800 ut
1108 2757 1227 2822 per
1291 2737 1609 2800 honorem
1672 2737 1798 2800 tibi
1858 2737 2226 2800 exhibitum
2281 2734 2435 2799 aliis
2494 2739 2563 2798 te
2622 2731 2847 2816 possis

543 2841 820 2907 reddere
881 2841 1277 2925 gratiosum,
1341 2840 1917 2923 circumspectioni
1978 2845 2106 2904 tuae
2167 2837 2563 2904 concedendi
2620 2837 2848 2899 decem

528 2946 836 3030 personis
861 2944 1224 3021 nobilibus,
1252 2945 1333 3008 de
1365 2944 1614 3029 quibus
1645 2943 1769 3008 tibi
1794 2943 2147 3021 videbitur,
2166 2950 2246 3008 ut
2274 2941 2589 3028 quaelibet
2617 2962 2848 3006 earum

537 3049 783 3112 habere
868 3048 1083 3133 possit
1151 3047 1367 3112 altare
1438 3048 1768 3132 portabile
1837 3069 1981 3112 cum
2052 3048 2277 3112 debita
2333 3044 2715 3111 reverentia
2776 3052 2853 3110 et

536 3153 811 3228 honore,
847 3171 1061 3235 super
1105 3172 1234 3235 quo
1266 3151 1335 3214 in
1385 3152 1552 3216 locis
1598 3152 1682 3216 ad
1715 3151 1840 3216 hoc
1866 3152 2404 3236 ,congruentibus
2435 3157 2504 3214 et
2546 3151 2852 3214 honestis

540 3257 755 3341 possit
801 3277 921 3341 per
974 3276 1045 3319 se
1092 3255 1198 3319 vel
1245 3258 1592 3341 proprium
1641 3262 1761 3321 aut
1803 3255 2006 3321 alium
2055 3256 2467 3321 sacerdotem
2491 3254 2569 3317 ·in
2602 3275 2726 3319 sua
2768 3277 2852 3320 ac

540 3364 978 3429 familiarium
1030 3384 1302 3427 suorum
1352 3364 1866 3427 domesticorum
1896 3363 2252 3448 praesentia
2296 3363 2565 3432 missam
2601 3367 2669 3424 et
2712 3360 2854 3426 alia

539 3469 769 3532 divina
821 3468 1039 3532 officia
1102 3468 1243 3532 sine
1291 3468 1469 3552 juris
1532 3467 1733 3531 alieni
1784 3468 2162 3551 praejudicio
2223 3468 2545 3532 celebrari
2605 3468 2848 3549 facere,

539 3572 803 3655 plenam
836 3578 906 3635 et
927 3571 1210 3636 liberam
1241 3576 1477 3635 tenore
1508 3572 1935 3654 praesentium
1967 3571 2386 3635 concedimus
2415 3570 2805 3635 facultatem
2831 3596 2846 3647 ;

537 3675 694 3739 Dat.
748 3675 969 3739 Romae
1030 3674 1209 3758 apud
1264 3674 1331 3738 S.
1382 3676 1653 3738 Petrum
1713 3697 1888 3739 anno
1942 3676 2432 3741 Incarnationis
2482 3674 2846 3740 Dominicae

542 3779 733 3845 1447.
780 3778 899 3841 VI.
948 3779 1046 3842 Id.
1095 3779 1250 3843 Jun.
1297 3779 1724 3863 pontificatus
1772 3780 1984 3844 nostri
2032 3802 2205 3845 anno
2258 3780 2531 3865 primo,”
2576 3779 2843 3864 plenam

538 3886 608 3945 et
659 3881 941 3976 liberam
1000 3882 1407 3945 concesserit
1465 3881 1899 3958 facultatem3
1961 3904 2242 3967 cumque
2305 3905 2426 3968 pro
2485 3889 2676 3967 parte
2727 3890 2847 3947 tua

536 3985 727 4048 nobis
802 3984 1100 4049 extiterit
1202 3985 1547 4049 humiliter
1624 3969 2067 4070 supplicatum
2158 3993 2227 4050 et
2291 3988 2554 4064 devote,
2625 3988 2845 4070 quati-

540 4108 667 4151 nus
727 4085 941 4151 altare
1010 4088 1340 4172 portabile
1402 4087 1603 4170 juxta
1655 4088 1935 4174 formam
1995 4094 2064 4153 et
2130 4092 2436 4154 effectum
2498 4091 2842 4155 literarum

543 4188 1066 4274 apostolicarum
1114 4191 1575 4276 praedictarum
1627 4192 1874 4256 habere
1923 4194 2140 4277 possis
2202 4195 2558 4259 concedere
2612 4195 2843 4280 digna-

545 4313 769 4379 remur
798 4317 814 4369 ;
864 4314 984 4357 nos
1031 4315 1187 4357 vero
1221 4294 1715 4358 considerantes
1750 4302 1874 4359 tuae
1922 4298 2280 4384 probitatis
2311 4301 2567 4376 merita,
2602 4303 2843 4385 quibus
