3117 5025
1121 381 1573 453 Consecratio
1606 380 1835 465 Reyv‘s.
2499 378 2629 447 273

390 600 598 679 Deus,
652 601 1018 669 electorum
1070 602 1416 679 fortitudo,
1470 607 1546 667 et·
1591 601 1943 667 humilium
1993 602 2347 681 celsitudo,
2392 602 2508 687 qui
2558 603 2629 667 in

301 702 672 789 primordio
729 727 853 792 per
910 705 1306 772 effusionem
1365 704 1606 771 diluvii
1638 705 1941 771 crimina
1997 706 2230 772 mundi
2288 706 2626 793 castigare

305 806 600 887 voluisti,
652 812 724 873 et
780 830 903 895 per
960 809 1334 875 columbam
1382 829 1647 874 ramum
1705 807 1896 873 olivae
1945 814 2329 894 portantem
2390 830 2622 895 pacem

299 911 507 977 terris
579 912 910 979 redditam
977 913 1480 990 demonstrasti,
1547 912 1930 997 iterumque
2003 913 2235 978 Aaron
2298 912 2623 978 famulum

297 1020 494 1098 tuum
535 1038 660 1101 per
698 1018 1078 1083 unctionem
1124 1017 1257 1082 olei
1302 1016 1718 1082 sacerdotem
1765 1017 2075 1095 sanxisti,
2108 1023 2179 1083 et
2221 1024 2460 1103 postea
2502 1039 2625 1103 per

298 1117 508 1203 hujus
538 1120 865 1206 unguenti
883 1118 1286 1185 infusionem
1318 1120 1790 1208 adregendum
1820 1118 2141 1207 populum
2171 1119 2624 1186 Israeliticum

298 1222 682 1289 sacerdotes
705 1245 784 1289 ac
806 1244 1005 1310 reges
1028 1228 1099 1290 et
1121 1223 1489 1310 prophetas
1517 1222 1885 1308 perfecisti,
1908 1222 2301 1308 vultumque
2327 1223 2622 1288 ecclesiae

299 1326 368 1389 in
399 1325 549 1391 oleo
571 1326 1082 1393 exhilarandum
1109 1347 1233 1413 per
1253 1326 1715 1413 propheticam
1747 1325 1986 1392 famuli
2009 1325 2111 1392 tui
2140 1347 2369 1391 vocem
2399 1325 2620 1391 David

291 1449 443 1493 esse
473 1429 878 1514 praedixisti3
924 1436 994 1497 te
1026 1449 1422 1514 quaesumus,
1449 1427 1876 1514 omnipotens
1909 1428 2133 1505 Pater,
2155 1433 2234 1494 ut
2262 1449 2386 1513 per
2411 1429 2616 1514 hujus

300 1537 622 1598 creaturae
672 1531 1168 1619 pinguedinem,
1221 1532 1401 1596 hunc
1454 1551 1723 1596 servum
1780 1538 1975 1595 tuum
2028 1530 2452 1596 sanctificare
2502 1536 2623 1596 tua

299 1637 762 1703 benedictione
835 1636 1155 1723 digneris,
1223 1656 1507 1721 eumque
1580 1635 1651 1708 in
1728 1634 2232 1700 similitudinem
2306 1636 2621 1701 columbae

299 1762 533 1825 pacem
578 1741 1029 1829 simplicitatis
1074 1740 1323 1825 populo
1354 1740 1485 1805 sibi
1530 1738 1799 1804 subdito
1829 1744 2170 1824 praestare,
2203 1743 2273 1805 et
2316 1739 2620 1827 exempla

296 1844 526 1910 Aaron
551 1845 623 1909 in
654 1845 783 1910 Dei
829 1844 1104 1910 servitio
1149 1844 1513 1931 diligenter
1553 1842 1826 1921 imitari,
1857 1842 2181 1930 regnique
2225 1844 2505 1931 fastigia
2548 1844 2619 1909 in

296 1947 598 2012 consiliis
622 1947 914 2013 scientiae
938 1952 1007 2012 ct
1028 1947 1345 2031 aequitate
1358 1945 1598 2032 judicii
1623 1966 1888 2031 semper
1910 1945 2200 2028 assequi,
2224 1946 2618 2032 vultumque

296 2049 667 2116 hilaritatis
711 2071 833 2135 per
875 2050 1048 2114 hanc
1094 2047 1227 2113 olei
1270 2048 1675 2125 unctionem,
1706 2052 2026 2131 tuamque
2070 2049 2620 2128 benedictionem,

286 2159 359 2217 te
390 2152 774 2236 adjuvante,
805 2154 934 2220 toti
963 2152 1146 2239 plebi
1175 2156 1485 2239 paratum
1514 2153 1764 2217 habere
1794 2152 2029 2217 faciaS.
2118 2153 2268 2217 Per.

377 2255 533 2314 Alia
560 2257 764 2317 orat-ic.

380 2351 565 2417 Deus
616 2352 745 2417 Dei
796 2352 1034 2430 Filius,
1079 2352 1285 2419 Jesus
1339 2350 1672 2428 Christus,
1719 2350 2049 2415 Dominus
2101 2356 2354 2428 noster,
2401 2351 2517 2435 qui
2570 2374 2621 2417 a·

286 2453 489 2520 Patre
521 2455 669 2521 oleo
700 2456 1172 2522 exsultationis
1216 2459 1460 2521 unctus
1492 2459 1599 2520 est
1630 2475 1764 2540 prae
1796 2454 2237 2541 participibus
2269 2456 2433 2534 suis,
2464 2456 2610 2543 ipse

292 2578 416 2640 per
471 2565 868 2643 praesentem
937 2559 1113 2626 sacri
1171 2558 1490 2644 unguinis
1557 2558 1963 2623 infusionem
2033 2558 2323 2644 Spiritus
2385 2559 2614 2625 Sancti

293 2660 615 2726 Paracliti
639 2683 842 2747 super
864 2668 1066 2749 caput
1087 2667 1277 2726 tuum
1301 2661 1616 2727 infundat
1636 2660 2185 2738 benedict-ionem,
2207 2661 2614 2747 eandemque

286 2782 499 2847 usque
544 2763 630 2828 ad
675 2763 1001 2830 interiora
1044 2763 1264 2829 cordis
1310 2765 1410 2829 tui
1442 2768 1802 2849 penetrare
1847 2763 2075 2840 faciat,
2106 2771 2441 2848 quatenus
2485 2766 2613 2830 hoc

287 2865 538 2930 visibili
571 2871 642 2932 et
685 2867 1028 2933 tractabili
1070 2866 1246 2931 dono
1289 2866 1659 2932 invisibilia
1702 2867 2066 2953 percipere,
2100 2873 2171 2932 et
2216 2869 2615 2952 temporalia

286 2987 501 3054 regna
541 2969 755 3053 justis
805 2969 1373 3035 moderaminibus
1426 2975 1807 3046 exsecutus,
1862 2969 2272 3036 aeternaliter
2329 2994 2478 3037 cum
2531 2996 2612 3038 eo

286 3090 574 3157 regnare
603 3074 946 3151 merearis,
979 3076 1101 3159 pe'r
1128 3073 1491 3138 Dominum
1523 3066 1829 3138 nostrum
1860 3071 1903 3138 J
1909 3095 2096 3138 esum
2126 3073 2495 3141 Christum.

364 3174 490 3233 Hic
515 3176 682 3234 detur
708 3176 976 3247 annulus,
1009 3177 1347 3254 dicaturque
1372 3176 1514 3253 reyi.

374 3269 620 3356 Accipe
669 3271 1012 3348 annulum,
1056 3270 1476 3357 signaculum
1517 3270 1831 3336 videlicet
1873 3278 2117 3336 sanctae
2159 3272 2333 3349 fidei,
2380 3274 2608 3338 solidi-

286 3378 500 3439 tatem
544 3374 757 3459 regni,
791 3380 1228 3462 augmentum
1258 3373 1594 3459 potentiae,
1625 3395 1747 3460 per
1775 3394 1975 3457 quam
2001 3375 2186 3438 scias
2215 3376 2609 3461 triumphali

286 3476 594 3562 potentia
613 3478 850 3543 hostes
874 3477 1225 3564 repellere,
1251 3479 1543 3542 haereses
1575 3478 1950 3554 destruere,
1977 3477 2286 3543 subditos
2316 3480 2607 3544 coadun-

284 3600 422 3658 are,
455 3584 528 3645 et
558 3580 1088 3649 catholicaeaefidei
1116 3579 1726 3667 perseverabilitati
1759 3586 2173 3646 connectere.
2262 3580 2412 3647 Per.

369 3682 522 3741 Alia
548 3683 754 3744 oratio·
863 3699 866 3702 ’
2328 3684 2334 3691 ⁸

374 3778 581 3858 Deus,
614 3784 808 3866 cujus
853 3787 961 3847 est
1004 3780 1221 3847 omnis
1265 3784 1575 3865 potestas
1607 3783 1679 3844 et
1723 3778 2039 3865 dignitas,
2073 3780 2160 3844 da
2201 3779 2455 3847 famulo
2486 3788 2606 3848 tuo

287 3884 573 3969 propriae
618 3906 753 3950 suae
799 3884 1149 3971 dignitatis
1180 3885 1512 3961 effectum,
1543 3883 1616 3946 in
1659 3903 1795 3966 qua
1824 3886 1893 3948 te
1938 3891 2411 3969 remunerante
2454 3908 2608 3971 per-

284 3990 575 4064 maneat,
604 3993 674 4054 te
720 4009 983 4074 semper
1026 3987 1281 4064 timeat,
1310 3987 1567 4071 tibique
1602 3985 1866 4071 jugiter
1907 3984 2176 4072 placere
2222 3989 2603 4055 contendat.

285 4089 607 4263 pegi-tando
632 4194 834 4271 qladio
859 4196 1134 4273 cinyicur,
1166 4194 1283 4252 hoec
1310 4192 1632 4270 antiphona
1657 4191 1899 4251 dicetur.

374 4287 789 4368 confortare,
823 4299 893 4357 et
937 4296 1083 4356 esto
1116 4291 1237 4366 vir,
1271 4294 1342 4354 et
1372 4289 1660 4354 observa
1688 4287 2006 4352 mandata
2045 4287 2313 4351 Domini
2346 4288 2471 4353 Dei
2503 4293 2605 4356 tui

460 4391 653 4456 Pont.
686 4395 768 4457 34
