3117 5025
921 377 1325 442 Benedictio
1357 379 1714 444 Eremitae.
2478 373 2606 439 287

897 767 1479 851 [BENEDIGTIO
1523 770 2015 859 EREMITAE.]

388 1007 717 1071 Dominus
751 1005 1118 1072 vobiscum.

391 1111 698 1175 Oremus.

391 1214 596 1294 Deus,
629 1218 742 1301 qui
772 1216 949 1281 filios
993 1215 1212 1282 Israel
1241 1218 1311 1281 in
1357 1217 1565 1280 eremi
1597 1216 1958 1283 solitudine
2004 1237 2249 1280 manna
2290 1215 2626 1299 pascendo

303 1317 558 1384 coelesti
633 1321 1078 1406 quadraginta
1151 1320 1349 1385 annis
1431 1341 1702 1384 manere
1776 1319 2019 1396 fecisti,
2096 1319 2339 1404 quique
2414 1317 2622 1382 vitam

306 1423 719 1487 eremiticam
750 1429 887 1488 tam
921 1446 1044 1509 per
1073 1423 1319 1488 Filium
1352 1429 1541 1487 tuum
1590 1422 1681 1486 xl.
1713 1423 1948 1487 diebus
1980 1428 2053 1487 et
2095 1421 2185 1485 xl.
2217 1421 2529 1486 noctibus
2560 1420 2631 1483 in

301 1524 567 1590 deserto
591 1525 1036 1609 jejunantem,
1069 1547 1264 1609 quam
1300 1547 1422 1610 per
1450 1527 1806 1610 utriusque
1836 1525 2229 1590 testamenti
2259 1525 2626 1609 prophetas

305 1631 377 1690 et
435 1633 708 1692 sanctos
768 1629 837 1691 in
906 1649 1129 1692 eremo
1190 1629 1512 1713 degentes
1580 1629 1706 1694 tibi
1767 1650 1898 1692 non
1960 1629 2293 1693 modicum
2358 1626 2625 1712 placere

306 1731 702 1794 monstrasti
725 1754 742 1806 ;
791 1731 1074 1794 concede
1100 1732 1449 1816 propitius,
1472 1736 1549 1795 ut
1572 1732 1681 1795 hic
1703 1723 1999 1796 famulus
2023 1738 2182 1796 tuus
2205 1732 2317 1807 N.,
2342 1728 2628 1793 similem

298 1855 422 1917 pro
473 1833 745 1897 modulo
796 1856 917 1898 suo
978 1835 1243 1920 eligens
1294 1837 1528 1911 vitam,
1585 1836 1681 1899 sic
1733 1836 1804 1897 in
1864 1836 2208 1921 proposito
2270 1833 2623 1897 eremiticae

302 1936 668 2020 disciplinae
716 1959 937 2001 mores
992 1959 1151 2002 suos
1213 1942 1450 2014 mutet,
1501 1944 1695 2023 aptet
1744 1945 1814 2004 et
1866 1944 2242 2022 componat,
2292 1944 2628 2022 quatenus

304 2045 817 2125 perseveranter
846 2041 1202 2125 proficiens
1233 2042 1319 2105 ad
1350 2043 1555 2126 hujus
1588 2043 1741 2107 vitae
1784 2042 2259 2127 perfectionem
2291 2040 2627 2125 attingere

310 2149 382 2208 et
440 2145 525 2209 ad
582 2145 831 2231 gaudia
890 2146 1341 2230 perfectorum
1402 2146 1635 2212 valeat
1694 2135 2066 2231 pervenire.
2154 2145 2286 2210 Per
2344 2145 2628 2209 eundem

310 2246 668 2311 Dominum
704 2254 1030 2314 nostrum.

389 2350 723 2408 Benedictio
750 2352 992 2409 habitus.

419 2447 707 2513 Domine
773 2447 941 2513 Jesu
1008 2447 1304 2527 Christe,
1367 2449 1482 2534 qui
1543 2454 1814 2537 tegmen
1882 2454 2127 2515 nostrae
2186 2446 2628 2513 mortalitatis

303 2552 582 2615 induere
632 2552 972 2639 dignatus,
1014 2573 1108 2628 eS,
1165 2554 1599 2618 obsecramus
1659 2555 2051 2619 immensam
2113 2557 2244 2617 tuae
2303 2551 2628 2616 bonitatis

310 2656 792 2722 abundantiam
853 2656 922 2720 in
983 2657 1110 2722 hoc
1167 2678 1383 2742 genus
1442 2658 1830 2722 vestimenti
1883 2658 2060 2742 quod
2122 2657 2338 2722 sancti
2397 2660 2631 2740 patres

308 2760 527 2825 nostri
559 2760 644 2824 ad
690 2761 1081 2824 innocentiae
1122 2761 1231 2824 vel
1277 2760 1683 2826 humilitatis
1725 2762 2037 2825 indicium
2084 2759 2632 2825 renuntiantibus

311 2865 551 2932 saeculo
602 2866 780 2930 ferre
837 2869 1230 2942 sanxerunt,
1285 2870 1364 2929 ut
1415 2865 1535 2930 ita·
1568 2865 1963 2930 benedicere
2018 2865 2336 2951 digneris,
2392 2869 2472 2927 ut
2522 2862 2630 2926 hic

305 2969 620 3046 famulus,
653 2970 769 3053 qui
813 2971 940 3033 hoc
972 2990 1139 3033 usus
1182 2969 1511 3046 fuerit„te
1556 2969 1835 3034 induere
1867 2976 2231 3035 mereatur.
2322 2969 2447 3055 Qui
2479 2989 2626 3033 cum

314 3074 459 3138 Deo
492 3073 699 3137 Patri.

399 3175 660 3235 Dicatur
686 3178 743 3235 ei
766 3178 874 3234 isto
902 3176 1086 3234 modo·
2180 3246 2183 3249 .

407 3276 667 3351 Frater,
690 3295 840 3337 ecce
872 3273 1109 3338 damus
1139 3274 1265 3337 tibi
1290 3274 1593 3339 habitum
1627 3275 1941 3351 eremitae,
1965 3295 2113 3339 cum
2137 3295 2268 3358 quo
2292 3293 2640 3339 monemus

312 3387 382 3447 te
429 3381 653 3445 vivere
701 3380 939 3445 amodo
986 3384 1192 3456 caste,
1241 3380 1485 3455 sobrie,
1532 3385 1604 3443 et
1648 3384 1900 3455 sancte,
1946 3379 2016 3441 in
2063 3379 2314 3442 sanctis
2358 3378 2632 3464 vigiliis,

305 3484 608 3571 jejuniis,
678 3483 1046 3559 laboribus,
1110 3484 1421 3566 precibus
1490 3487 1559 3548 et
1626 3481 2094 3545 misericordiae
2162 3481 2496 3566 operibus,
2558 3485 2636 3546 ut

317 3592 574 3656 habeas
598 3590 807 3654 vitam
841 3594 1179 3664 aeternam,
1206 3592 1276 3652 et
1300 3588 1489 3651 vivas
1512 3588 1584 3650 in
1618 3584 1863 3650 saecula
1888 3585 2301 3650 saeculorum.
2391 3587 2631 3649 Amen.

404 3696 872 3777 Respondeat.
963 3692 1055 3757 Et
1079 3714 1205 3777 ego
1237 3692 1492 3775 recipio
1519 3693 1585 3754 in
1619 3691 1886 3756 nomine
1918 3690 2214 3769 Domini,
2238 3692 2641 3775 promittens

318 3821 425 3864 me
490 3798 853 3863 secundum
915 3816 1116 3880 posse
1186 3796 1283 3860 sic
1341 3796 1706 3872 facturum,
1765 3793 1895 3857 Dei
1960 3795 2328 3879 adjuvante
2390 3795 2639 3881 gratia,

316 3904 762 3989 precibusque
799 3904 1211 3964 sanctorum.

402 4006 548 4064 Cum
575 4004 815 4062 indutus
826 4001 1035 4079 fuerit,
1067 4001 1430 4059 benedicatur
1457 4001 1565 4059 isto
1591 4000 1776 4060 modo·

409 4100 779 4167 Benedicat
809 4104 878 4164 te
909 4097 1260 4173 Dominus,
1294 4101 1363 4162 et
1407 4097 1703 4182 gratiam
1744 4098 1914 4162 bene
1959 4096 2228 4162 vivendi
2259 4098 2540 4177 tribuat,
2574 4105 2643 4164 et

317 4208 402 4272 ad
434 4205 648 4272 vitam
677 4202 1010 4290 perducat
1036 4205 1380 4267 aeternam.
1469 4202 1713 4264 Amen.
