3117 5025
509 382 636 445 354
942 382 1458 444 Benedictiones
1491 382 1566 441 in
1604 379 2063 457 Quotidianis,
2077 378 2350 442 Diebus.

673 777 1409 843 BENEDIOTIONES
1455 777 1558 842 IN
1608 776 2205 862 QUOTIDIANIS
2252 777 2601 843 DIEBUS.

583 1005 949 1070 Benedicat
979 1005 1170 1069 vobis
1203 1004 1549 1080 Dominus,
1588 1008 1656 1067 et
1687 1003 2026 1068 custodiat
2058 1025 2200 1067 voS.
2291 1006 2526 1068 Amen.

583 1108 930 1173 Illuminet
982 1109 1221 1173 faciem
1285 1129 1475 1173 suam
1532 1128 1736 1192 super
1784 1129 1928 1183 vos,
1982 1114 2052 1172 et
2113 1110 2518 1173 misereatur
2570 1107 2800 1171 vestri.

500 1214 734 1277 Amen.

588 1320 955 1381 Convertat
1015 1316 1276 1380 vultum
1334 1337 1525 1379 suum
1580 1316 1663 1380 ad
1726 1337 1867 1392 vos,
1922 1323 1991 1380 et
2052 1316 2252 1381 donet
2309 1317 2496 1380 vobis
2551 1338 2802 1401 pacem.

504 1424 738 1487 Amen.

584 1526 771 1611 Quod
803 1526 947 1608 ipse
977 1525 1095 1589 &c.
1187 1524 1422 1588 Amen.

586 1630 972 1697 Benedictio
1006 1628 1128 1693 Dei
1161 1630 1282 1694 &c.
1372 1633 1607 1693 Amen.

586 1805 738 1864 Item
768 1804 913 1860 alia.

590 1900 1027 1983 Omnipotens
1075 1896 1260 1961 Deus
1293 1918 1416 1962 sua
1458 1919 1579 1961 vos
1626 1897 1984 1962 clementia
2025 1900 2394 1978 benedicat,
2429 1907 2498 1965 et
2541 1923 2808 1968 sensum

499 2008 569 2071 in
601 2005 793 2068 vobis
827 2002 1172 2086 sapientiae
1206 2000 1529 2065 salutaris
1561 2003 1893 2066 infundat.
1985 2005 2221 2067 Amen.

613 2106 974 2174 Catholicae
1034 2105 1188 2168 fidei
1251 2127 1370 2169 vos
1431 2106 1850 2170 documentis
1914 2107 2232 2184 enutriat,
2295 2115 2364 2173 et
2424 2110 2492 2172 in
2559 2114 2809 2176 sanctis

502 2212 815 2298 operibus
851 2209 1381 2293 perseverabiles
1413 2209 1674 2273 reddat.
1765 2215 2003 2273 Amen.

586 2318 873 2382 Gressus
904 2320 1171 2377 vestros
1203 2314 1287 2377 ab
1320 2334 1546 2377 errore
1580 2319 1953 2390 convertat,
1988 2319 2058 2378 et
2089 2313 2265 2378 viam
2301 2316 2493 2380 vobis
2525 2320 2707 2401 pacis
2741 2329 2810 2386 et

500 2421 809 2488 caritatis
842 2417 1179 2482 ostendat.
1271 2418 1503 2481 Amen.

592 2524 778 2609 Quod
809 2522 976 2606 ipse.
1069 2523 1306 2584 Amen.

590 2628 998 2694 BenedictiO.
1092 2627 1328 2689 Amen.

586 2802 735 2862 Item
764 2799 907 2855 alia.

591 2896 877 2961 Inclinet
901 2892 1227 2956 Dominus
1253 2912 1481 2954 aurem
1517 2912 1705 2955 suam
1732 2892 1814 2956 ad
1848 2912 2083 2975 preces
2109 2897 2352 2955 nostrae
2385 2894 2810 2974 humilitatis,

500 3007 569 3066 et
586 3001 703 3064 det
723 2998 913 3062 vobis
933 2994 1226 3079 gratiam
1256 3015 1389 3058 suae
1411 2995 1914 3070 benedictioniS‚
1937 3000 2006 3059 et
2024 2995 2366 3078 praemium
2393 3000 2809 3083 sempiternae

508 3104 770 3170 salutis.
861 3102 1094 3163 Amen.

594 3205 868 3285 Semper
900 3206 967 3263 et
1009 3200 1253 3282 ubique
1288 3197 1643 3262 Dominum
1688 3200 2049 3284 propitium
2099 3200 2429 3276 habeatis,
2456 3208 2525 3266 et
2563 3203 2630 3265 in
2660 3205 2811 3287 ejus

503 3309 814 3384 laudibus
847 3303 1223 3367 exsultetis
1315 3305 1549 3380 Amen.

593 3411 902 3476 Omnium
929 3412 1354 3492 peccatorum
1374 3414 1752 3469 vestrorum
1774 3407 2043 3470 vincula
2067 3406 2306 3482 solvat,
2329 3414 2397 3471 et
2419 3408 2502 3472 ad
2528 3409 2811 3493 gloriam

507 3515 984 3600 sempiternam
1017 3511 1370 3594 pervenire
1404 3531 1523 3574 vos
1560 3510 1782 3574 faciat.
1873 3513 2107 3574 Amen.

596 3618 782 3703 Quod
813 3616 977 3700 ipse.
1070 3617 1304 3678 Amen.

596 3721 1005 3787 Benedictio,
1098 3720 1331 3782 Amen.

590 3895 741 3952 Item
769 3891 913 3948 alia.

598 3984 1016 4070 Multiplicet
1047 3985 1116 4045 in
1148 3984 1339 4048 vobis
1372 3982 1703 4048 Dominus
1751 3986 2008 4069 copiam
2044 4003 2176 4050 suae
2208 3986 2712 4065 benedictionis,
2751 3996 2818 4052 et

507 4095 856 4161 confirmet
885 4110 1005 4152 vos
1038 4090 1107 4150 in
1142 4110 1258 4173 spe
1291 4090 1487 4174 regni
1520 4088 1833 4153 coelestis·
1926 4092 2160 4153 Amen.

601 4201 810 4262 Actus
857 4197 1134 4276 vestros⁴
1170 4193 1489 4276 corrigat,
1537 4192 1746 4256 vitam
1799 4195 2125 4270 emendet,
2171 4216 2394 4259 mores
2446 4203 2818 4281 componat,

510 4311 578 4369 et
614 4297 732 4364 vo's
764 4298 848 4362 ad
881 4296 1172 4361 coelestis
1204 4298 1501 4381 paradisi
1534 4298 1980 4362 hereditatem
2016 4299 2358 4384 perducat.
2451 4302 2685 4392 Amen.
