3117 5025
616 367 1011 431 Benedictio
1044 366 1347 449 Lapidis
1367 389 1503 449 pro
1536 368 2011 431 Fundamento
2042 365 2392 431 Ecclesioe.
2535 361 2667 427 297

427 570 587 630 Tunc
619 579 874 649 ponatur
914 570 1065 651 lapis
1105 571 1172 631 in
1212 570 1327 631 loco
1366 593 1487 644 suc,
1516 573 1615 631 sed
1653 580 1889 631 caveant
1929 572 2073 631 laici
2112 592 2181 630 ne
2221 577 2463 647 tanqam
2491 567 2671 627 locum

349 674 623 738 undamn
663 675 713 725 et
753 667 988 725 iuterim
1036 667 1326 745 episcopus
1374 668 1626 745 accipiat
1674 668 2046 741 thuribulum,
2089 675 2140 726 et
2178 667 2445 745 imposito
2493 664 2671 734 thure,

351 762 633 837 tkzmflcct
660 762 911 840 lapidem
941 763 1006 820 in
1035 763 1298 821 circuitu.

434 855 520 913 Et
547 867 680 914 tunc
701 857 932 915 dicatur
958 858 1072 916 hoec
1099 860 1303 917 oratio.

437 953 739 1018 Oremus.

428 1057 643 1133 Adsit,
675 1058 1095 1141 omnipotens
1124 1057 1329 1135 Deus,
1358 1057 1828 1123 misericordiae
1861 1063 1989 1123 tuse
2032 1055 2393 1122 ineffabilis
2422 1054 2666 1139 pietas,

340 1162 410 1221 et
441 1178 642 1241 super
671 1160 847 1223 hunc
878 1159 1167 1244 lapidem
1199 1160 1267 1223 in
1296 1161 1800 1224 fundamentum
1847 1160 2147 1225 ecclesiae
2178 1166 2312 1224 tuae
2360 1164 2663 1223 constru-

342 1258 524 1323 endae
554 1267 1021 1346 praeparatum,
1052 1284 1247 1346 opem
1288 1270 1418 1328 tuae
1447 1262 1937 1328 benedictionis
1983 1263 2283 1339 infunde,
2314 1266 2392 1325 ut
2423 1261 2515 1325 sit
2543 1258 2668 1323 tibi

345 1360 518 1447 lapis
569 1365 698 1428 iste
746 1365 918 1429 sicut
962 1364 1080 1428 ille
1125 1364 1299 1450 lapis
1350 1386 1546 1449 quem
1601 1364 1814 1430 Jacob
1863 1386 2247 1450 supponens
2291 1364 2494 1449 capiti
2545 1383 2666 1426 suo

344 1466 778 1531 ascendentes
831 1475 900 1531 et
957 1467 1440 1533 descendentes
1494 1468 1775 1553 angelos
1836 1489 1960 1552 per
2021 1467 2218 1533 scalae
2277 1466 2667 1551 mysterium

344 1589 575 1632 somno
606 1569 947 1634 revelante
994 1571 1331 1656 cognovit.
1423 1571 1525 1635 Sit
1572 1571 1693 1635 tibi
1725 1571 1901 1655 lapis
1931 1570 2063 1637 iste
2113 1571 2291 1635 sicut
2334 1569 2450 1632 ille
2493 1568 2668 1653 lapis

343 1694 541 1756 quem
609 1673 903 1757 Moyses,
967 1673 1299 1758 susceptis
1362 1675 1700 1740 mandatis
1771 1675 1929 1751 tuis,
1992 1674 2062 1737 in
2129 1672 2666 1759 praefiguratione

344 1774 719 1859 apostolica
761 1775 1108 1840 duodecim
1155 1776 1451 1862 lapidum
1496 1776 1991 1842 constructione
2037 1776 2373 1852 firmavit3
2419 1777 2492 1839 et
2520 1774 2670 1838 des-

346 1879 586 1945 cendat
617 1880 908 1966 Spiritus
937 1888 1096 1947 tuus
1144 1882 1430 1948 Sanctus
1462 1902 1667 1968 super
1709 1884 1887 1946 hunc
1917 1881 2208 1966 lapidem
2253 1879 2665 1966 angularem,

344 1984 760 2050 aedificationi
827 1986 1122 2051 ecclesiae
1182 1991 1312 2051 tuae
1378 1985 1691 2063 electum,
1754 2005 1875 2070 per
1935 2006 2085 2049 eum
2155 1984 2271 2069 qui
2330 1982 2666 2067 quondam

342 2087 701 2172 descripsit
725 2087 1010 2173 lapideis
1057 2088 1274 2175 legem
1307 2090 1374 2152 in
1412 2088 1690 2165 tabulis,
1721 2094 1793 2153 et
1835 2086 2233 2174 angularem
2262 2085 2553 2169 lapidem
2586 2105 2665 2149 ac

342 2189 486 2254 sine
559 2191 869 2256 manibus
933 2192 1231 2256 excisum
1307 2213 1379 2256 se
1455 2191 1670 2256 voluit
1737 2190 2108 2269 nominari3
2178 2190 2662 2274 prophetarum

343 2294 645 2378 principe
675 2294 758 2357 de
790 2315 870 2358 eo
903 2295 999 2361 sic
1029 2294 1461 2371 vaticinante,
1493 2303 1533 2330 “
1553 2294 1877 2380 Lapidem
1909 2313 2107 2377 quem
2137 2292 2668 2377 reprobaverunt

340 2398 765 2473 aedificantes,
811 2398 921 2462 hic
964 2398 1186 2463 factus
1233 2402 1340 2462 est
1382 2398 1453 2460 in
1499 2403 1699 2481 caput
1750 2396 2084 2482 anguli;”
2131 2397 2257 2459 “A
2306 2393 2659 2469 Domin0,”

338 2501 582 2585 inquit,
605 2508 643 2538 “
664 2501 916 2567 factum
936 2507 1044 2566 est
1061 2501 1306 2578 istud,’'
1334 2502 1408 2565 ut
1427 2505 1495 2566 et
1517 2522 1642 2565 nos
1665 2521 1897 2565 sumus
1923 2506 1961 2536 ‘⁶
1985 2497 2293 2564 aedificati
2312 2501 2383 2563 et
2400 2496 2660 2561 fundati

344 2625 547 2690 super
574 2605 1081 2669 fundamentum
1110 2604 1573 2690 apostolorum
1598 2609 1668 2669 et
1698 2604 2204 2689 prophetarum,
2222 2602 2371 2688 ipso
2404 2622 2663 2665 summo

341 2708 651 2795 angulari
681 2706 907 2792 lapide
935 2707 1204 2773 Christo
1234 2706 1277 2771 J
1280 2729 1422 2785 esu,
1446 2708 1511 2771 in
1545 2729 1678 2792 quo
1703 2706 1920 2771 omnis
1953 2705 2300 2771 aedificatio
2329 2705 2666 2769 instructa

344 2811 589 2875 crescit
614 2810 686 2874 in
717 2810 1042 2894 templum
1079 2815 1385 2876 sanctum
1417 2809 1485 2873 in
1515 2809 1869 2885 Domin0,”
1902 2808 2018 2893 qui
2047 2808 2268 2874 trinus
2298 2809 2368 2871 in
2399 2807 2664 2872 unitate

345 2919 417 2978 et
446 2929 622 2976 unus
652 2913 722 2975 in
756 2911 1089 2977 Trinitate
1114 2911 1284 2976 vivit
1313 2917 1383 2976 et
1410 2911 1746 2998 gloriatur
1769 2910 1956 2976 Deus
1976 2931 2100 2996 per
2127 2910 2395 2974 infinita
2425 2909 2665 2974 saecula

346 3016 753 3081 saeculorum.
845 3018 1082 3079 Amen.

407 3105 585 3177 'Tunc
614 3125 953 3196 aspcryatur
979 3116 1130 3196 lapis
1156 3138 1311 3196 aqua
1339 3117 1627 3175 benedicta
1654 3117 1725 3175 in
1749 3117 2013 3175 circuitu.

422 3212 546 3285 Quo
583 3212 762 3289 facto,
811 3212 973 3271 dicat
1013 3214 1347 3272 memoriam
1390 3212 1458 3269 de
1498 3211 1559 3271 S.
1611 3211 1841 3282 Maria,
1889 3211 2167 3282 videlicet,
2220 3211 2481 3270 Adorate
2527 3210 2658 3269 coeli

340 3311 584 3387 desuper
626 3308 723 3367 ὥσ.
754 3316 806 3366 et
848 3309 1178 3367 memoriam
1215 3308 1285 3367 de
1327 3307 1639 3378 Trinitate,
1667 3305 1943 3378 videlicet,
1978 3305 2299 3365 Benedicta
2340 3307 2416 3365 sit
2457 3315 2655 3365 sancta

342 3405 616 3463 Trinitas.

427 3498 511 3558 Et
538 3508 688 3570 tunc,
717 3497 868 3556 dicto
896 3497 1200 3572 evanqelio,
1238 3497 1307 3554 In
1350 3496 1638 3575 principio
1666 3501 1794 3553 erat
1836 3494 2117 3566 Verbum,
2150 3495 2309 3554 dicat
2348 3496 2653 3572 episcopus,

339 3594 554 3652 elevata
581 3614 781 3664 manu,
807 3593 907 3651 sic.

424 3688 805 3754 Benedictio
829 3687 957 3753 Dei
978 3687 1480 3773 omnipotentis,
1510 3687 1755 3765 Patris,
1779 3687 1962 3764 Filii,
1989 3693 2058 3752 et
2085 3687 2376 3773 Spiritus
2403 3688 2650 3764 Sancti,

339 3813 540 3877 super
590 3793 767 3856 hunc
827 3790 1115 3875 lapidem
1169 3797 1239 3855 et
1300 3811 1529 3854 omncs
1590 3790 2101 3857 circumstantes
2162 3790 2523 3856 descendat
2584 3801 2651 3856 et

341 3899 607 3959 maneat
638 3914 915 4001 semper.
1009 3896 1240 3958 Amen.

518 4392 709 4454 Pont.
741 4392 823 4457 37
