3117 5025
960 451 1485 520 Benedictiones
1516 452 1994 537 Episcopalec.
2510 439 2637 511 177

396 649 480 710 In
508 650 719 712 Natali
742 654 918 714 unius
944 655 1270 732 confessoris
1295 665 1347 717 ct
1372 658 1640 738 epiceopi.
1725 656 2082 720 Benedictio.

408 862 615 942 Deus,
646 867 762 951 qui
806 869 1079 935 beatum
1110 870 1199 937 N.
1248 869 1610 963 praesulem
1633 890 1830 936 suum
1867 871 1971 937 ita
1998 863 2524 956 praedestinavit,
2555 865 2635 928 ut

325 987 478 1030 eum
532 988 665 1034 suae
723 971 963 1055 gratiae
1022 972 1447 1057 perennitate
1499 974 1776 1058 juberet
1833 971 2145 1059 astringi,
2199 970 2423 1056 erigat
2479 969 2641 1032 vota

321 1068 575 1153 populi,
606 1071 719 1155 qui
748 1072 1051 1156 praetulit
1077 1073 1380 1160 gloriosa
1408 1075 1654 1140 merita
1680 1074 2077 1140 confessori.
2163 1074 2404 1139 Amen.

418 1172 735 1239 Proficiat
774 1175 885 1240 his
914 1176 999 1240 ad
1029 1166 1322 1242 fructum
1352 1177 1511 1243 boni
1555 1178 1802 1262 operis,
1835 1175 2150 1263 quicquid
2192 1175 2265 1239 in
2297 1169 2644 1238 sacerdote

327 1273 758 1360 amplectitur
786 1298 908 1363 pro
939 1279 1137 1344 laude
1171 1280 1276 1344 sui
1306 1280 1616 1346 nominis.
1707 1281 1947 1346 Amen.

411 1377 501 1442 Et
530 1377 682 1461 ejus
725 1380 1210 1447 intercessione
1249 1383 1358 1447 hic
1402 1382 1692 1468 populus
1722 1385 2174 1467 consequatur
2215 1377 2499 1453 veniam,
2531 1372 2646 1458 qui

327 1498 403 1543 se
431 1481 863 1549 renuntiante
895 1483 1074 1550 felici
1104 1485 1384 1551 servitio
1414 1485 1730 1571 pervenit
1758 1486 1845 1551 ad
1874 1484 2187 1571 palmam.
2281 1482 2512 1546 Amen.

416 1582 605 1668 Quod
633 1584 801 1670 ipse.

409 1820 497 1882 In
522 1820 743 1882 Natali
761 1824 1151 1903 plurimmum
1176 1826 1569 1905 confecsorum.
1651 1825 2013 1887 Benedictio.

421 2036 819 2105 Sanctorum
870 2041 1327 2108 confessorum
1379 2063 1654 2108 suorum
1704 2042 1792 2108 N.
1846 2041 2108 2107 meritis
2151 2060 2272 2106 vos
2323 2038 2651 2105 Dominus

327 2140 538 2205 faciat
581 2143 901 2221 benedici,
931 2150 1003 2210 et
1042 2151 1279 2212 contra
1322 2146 1610 2212 adversa
1639 2145 1864 2211 omnia
1892 2164 2124 2212 eorum
2166 2141 2651 2209 intercessione

333 2243 604 2309 muniri.

419 2344 673 2410 Eorum
736 2368 854 2412 vos
913 2348 1159 2414 efficiat
1219 2350 1545 2435 suffragio
1604 2348 1860 2427 felices,
1913 2368 2198 2434 quorum
2256 2344 2653 2412 festivitatis

331 2447 511 2514 diem
543 2449 904 2517 celebratis
935 2457 1237 2519 ovantes.
1324 2454 1561 2519 Amen.

419 2554 510 2619 Et
560 2555 676 2639 qui
728 2576 959 2620 eorum
1018 2556 1377 2622 imitamini
1430 2556 1759 2643 exempla,
1813 2556 2055 2621 horum
2113 2555 2504 2622 interventu
2563 2551 2650 2617 ad

330 2656 635 2722 coelestia
662 2657 1012 2742 pervenire
1043 2659 1322 2745 possitis
1351 2658 1704 2746 promissa.
1794 2659 2031 2726 Amen.

426 2759 614 2845 Quod
642 2760 807 2845 ipse.
2222 2795 2259 2844 Q
2278 2812 2304 2844 „-

418 2993 466 3055 Ι
460 3016 501 3056 n
525 2994 747 3056 Natali
771 2997 947 3057 anim
972 2998 1222 3076 viminis
1248 3018 1364 3058 non
1389 2999 1685 3078 martyris.
1769 2996 2132 3058 Benedictio.

426 3224 635 3303 Deus,
665 3227 781 3312 qui
813 3227 1024 3294 sacris
1070 3226 1445 3313 virginibus
1489 3226 1844 3293 centesimi
1874 3227 2138 3294 fructus
2182 3225 2480 3292 coelest-ia
2509 3245 2662 3291 con-

339 3330 477 3393 fert
524 3328 815 3414 praemia,
860 3330 1053 3394 vobis
1095 3329 1357 3393 meritis
1411 3335 1656 3395 sanctae
1699 3328 1982 3415 virginis
2033 3328 2126 3394 N.
2170 3348 2319 3393 cum
2372 3346 2667 3413 superna

334 3432 797 3499 benedictione
827 3432 1055 3496 divina
1084 3432 1387 3497 conferat
1414 3433 1686 3518 gaudia.
1777 3433 2015 3497 Amen.

432 3534 525 3600 Et
576 3536 752 3600 sicut
803 3535 942 3599 haec
992 3535 1183 3621 virgo
1237 3534 1506 3600 Domini
1552 3535 1625 3599 in
1679 3556 1843 3621 pace
1897 3532 2199 3599 ecclesiae
2253 3531 2675 3617 virginitatis

346 3636 584 3702 decore
615 3638 864 3702 meruit
883 3636 1164 3722 pollere,
1190 3637 1287 3702 sic
1317 3658 1438 3702 vos
1466 3637 1536 3700 in
1571 3635 2228 3716 odoremsuavitatis
2249 3634 2394 3702 Deo
2417 3634 2677 3721 jugiter

346 3741 692 3807 castitatis
723 3740 956 3828 vigore
987 3740 1385 3805 mercamini
1414 3741 1744 3806 redolere.
1833 3743 2074 3806 Amen.

436 3844 788 3930 Quatenus
841 3849 912 3909 et
964 3865 1086 3909 vos
1140 3843 1386 3909 salutis
1440 3865 1519 3910 ac
1580 3842 1832 3909 laetitiae
1883 3843 2290 3908 vestimento
2342 3840 2678 3907 Dominus

344 3946 605 4024 induat,
639 3946 970 4032 simulque
1015 3967 1167 4012 cum
1199 3947 1326 4011 hac
1374 3946 1575 4013 beata
1618 3946 1881 4033 virgine
1918 3946 2003 4013 ad
2049 3944 2342 4012 coelestis
2388 3944 2674 4012 convivii

348 4051 622 4136 nuptias
652 4050 1057 4116 introducat.
1149 4050 1387 4116 Amen.

444 4154 632 4240 Quod
663 4155 829 4240 ipse.

532 4441 724 4506 Pont.
759 4442 844 4505 22
