3117 5025
992 349 1390 412 Benedictio
1425 352 1485 411 A
1502 351 1838 411 bbatiuoe.
2456 345 2581 407 143

818 841 1403 921 [BENEDICTIO
1450 841 2029 927 ABBATISSAE.]

343 1094 611 1175 Incipit
645 1099 1021 1162 benedictio
1052 1120 1257 1180 super
1288 1101 1736 1164 abbatissam.

341 1192 482 1252 Post
507 1197 861 1273 evanyelium
884 1208 1202 1277 prosternat
1229 1221 1284 1258 se
1309 1201 1479 1258 electa
1515 1210 1645 1259 ante
1673 1202 1853 1259 altare
1880 1222 2008 1259 cum
2048 1201 2266 1258 duabus
2292 1200 2377 1259 vel
2401 1201 2581 1259 tribus

259 1289 329 1347 de
369 1291 650 1348 sororibus
675 1294 814 1363 suis,
833 1295 1093 1372 fiantque
1132 1295 1220 1352 ibi
1242 1296 1688 1354 comminationes
1727 1304 1777 1354 et
1805 1296 2284 1372 interroqationes,
2315 1303 2378 1353 ut
2403 1316 2581 1373 supra

258 1384 327 1442 in
358 1384 732 1444 benedictione
758 1388 989 1446 abbatis.
1076 1389 1159 1446 Et
1185 1390 1335 1447 inter
1361 1398 1540 1448 cetera
1568 1391 1813 1449 dicatur.

350 1481 449 1546 Ut
503 1502 800 1547 sororem
852 1491 1150 1550 nostram
1217 1487 1496 1551 electam
1552 1488 1962 1551 abbatissam
2015 1486 2240 1572 gratia
2294 1484 2584 1570 Spiritus

262 1583 494 1649 Sancti
524 1585 871 1651 illustrare
903 1594 973 1652 et
1002 1591 1395 1654 benedicere
1429 1590 1748 1675 digneris.

346 1688 564 1757 Quibus
590 1691 837 1768 expletis,
868 1693 1153 1751 benedicat
1178 1715 1302 1752 eam
1331 1695 1617 1772 episcopus
1644 1695 1986 1752 inclinatam
2016 1695 2216 1771 capite,
2244 1695 2448 1752 dicens.

349 1785 677 1851 Dominus
710 1789 1072 1853 vobiscum.

354 1888 655 1953 Oremus.

352 1989 637 2069 Exaudi,
684 1992 989 2071 Domine,
1036 2017 1268 2082 preces
1312 2000 1604 2071 nostraS,
1651 2001 1721 2059 et
1764 2015 1965 2080 super
2010 1994 2330 2059 famulam
2378 2002 2585 2074 tuam,

265 2093 592 2178 Spiritum
627 2102 754 2160 tuae
783 2098 1266 2162 benedictionis
1297 2098 1609 2174 infunde;
1658 2103 1734 2161 ut
1763 2097 2017 2161 coelesti
2044 2118 2319 2161 munere
2350 2098 2588 2174 ditata,

265 2203 341 2260 et
371 2203 500 2262 tuae
547 2199 925 2284 majestatis
955 2201 1130 2265 dona
1170 2200 1390 2284 possit
1432 2200 1799 2282 acquirere,
1828 2205 1900 2263 et
1926 2199 2094 2263 bene
2140 2199 2407 2262 vivendi
2437 2199 2592 2263 aliis

265 2301 649 2385 exemplum
683 2303 900 2387 possit
932 2304 1244 2386 praebere.
1336 2302 1467 2368 Per
1496 2302 1874 2367 Dominum.

359 2407 664 2468 Oremus.

364 2505 930 2591 Omnipotentiam
962 2513 1143 2573 tuam
1195 2507 1541 2573 humiliter
1585 2507 2038 2591 imploramuS,
2069 2512 2146 2571 ut
2192 2528 2391 2592 super
2419 2508 2594 2574 hanc

268 2609 594 2674 famulam
626 2619 830 2688 tuam,
857 2632 1053 2694 quam
1086 2611 1169 2675 ad
1195 2633 1455 2676 sacrum
1488 2611 1878 2695 mysterium
1904 2631 2247 2674 assumere
2278 2610 2593 2696 dignatus

268 2735 366 2791 εει,
393 2715 874 2780 benedictionis
906 2722 1039 2780 tuae
1071 2716 1315 2779 donum
1340 2715 1697 2801 dignanter
1727 2715 2059 2791 infundas,
2084 2715 2274 2798 eique
2305 2715 2592 2800 gratiam

274 2816 827 2881 sanctificationis
858 2817 1138 2893 tribuas,
1162 2827 1238 2881 ut
1268 2820 1439 2901 quod
1467 2817 1770 2902 percipit,
1795 2822 1862 2881 te
1888 2822 2280 2902 protegente
2311 2816 2593 2880 illaesum

267 2920 624 2985 custodiat.
687 2922 1025 2984 submissa
1090 2943 1268 2985 voce.
1381 2921 1510 2984 Per
1576 2920 1932 2982 Dominum
1993 2927 2294 2984 nostrum
2362 2920 2403 2984 J
2408 2940 2594 2983 esum

272 3023 620 3087 Christum
669 3024 909 3087 Filium
959 3030 1168 3100 tuum,
1202 3025 1314 3107 qui
1347 3030 1565 3087 tecum
1614 3024 1781 3087 vivit
1826 3029 1898 3087 et
1938 3030 2180 3108 regnat
2223 3024 2287 3086 in
2336 3024 2595 3088 unitate

272 3126 565 3211 Spiritus
598 3128 821 3191 Sancti
851 3126 1055 3191 Deus.
2609 3119 2614 3123 ⁴

267 3315 1825 3458 Q

362 3491 492 3554 Per
546 3490 722 3553 omni
756 3528 781 3539 -
816 3511 857 3553 a
909 3489 1215 3553 sae·-cu-la
1264 3510 1461 3552 sae-cu
1488 3526 1512 3536 -
1534 3488 1599 3551 lo
1621 3529 1645 3539 -
1667 3509 1835 3550 rum.

268 3705 1333 3789 ΞΕᾞ-ᾜ

267 3814 554 3825 ——-—-—

357 3853 744 3918 Do·mi-nus
805 3872 887 3914 vo
921 3888 946 3899 -
980 3850 1081 3914 bis
1102 3888 1128 3899 -
1149 3871 1315 3913 cum.

409 4058 1046 4187 {ff—

356 4220 633 4282 Sursum
698 4235 809 4276 cor
831 4251 857 4263 -
890 4213 1000 4277 da.-
