3117 5025
773 373 1215 494 Consecratio
1254 425 1573 494 oleorum
1604 433 1669 491 et
1706 424 2142 492 Chriematis.
2493 421 2626 486 253

295 617 575 696 vexilla,
629 620 825 703 quasi
887 639 1080 684 sacro
1141 615 1714 704 quadragesimali
1764 615 2030 700 jejunio
2083 612 2339 700 expiati
2397 614 2639 677 contra

299 725 616 786 versutas
660 721 912 787 diaboli
956 720 1242 786 insidias
1273 740 1395 806 pro
1426 718 1824 803 deceptione
1869 718 2069 804 primi
2101 714 2405 804 parentis
2453 714 2636 790 Adae,

299 823 557 889 Christi
579 824 935 890 victoriam
958 824 1462 909 triumphantes
1482 822 1877 908 pugnaturi,
1902 822 2009 886 vel
2034 819 2270 886 coelnm
2295 839 2419 905 pro
2438 817 2634 903 lapsa

299 927 569 1013 legione
614 927 948 992 violenter
990 926 1336 992 intraturi.
1423 925 1503 989 In
1554 924 1853 990 secundo
1899 944 2185 1009 quoque,
2226 923 2360 987 dno
2405 921 2640 986 subse·

304 1033 604 1113 quantur
646 1031 1063 1107 ceroferarii,
1096 1030 1212 1114 qui
1257 1028 1446 1094 velut
1491 1028 1833 1093 coelestem
1865 1027 2292 1113 proferentes
2324 1025 2636 1111 splendo-

300 1153 467 1209 rem,
515 1138 819 1198 sanctam
868 1133 1341 1197 demonstrant
1388 1131 1748 1196 ecclesiam
1798 1151 2004 1215 super
2056 1131 2316 1195 firmam
2368 1132 2633 1213 petram

304 1235 683 1304 stabilitam
715 1237 889 1303 sicut
936 1258 1164 1302 arcam
1208 1237 1359 1302 Noe
1392 1236 1461 1299 in
1491 1235 1746 1300 diluvio
1781 1234 2136 1311 salvatam,
2167 1233 2277 1299 vel
2307 1232 2632 1319 populum

300 1340 632 1426 gentium,
662 1361 823 1405 vero
854 1340 991 1404 diei
1027 1338 1278 1402 lumine
1311 1360 1489 1404 nunc
1519 1338 2007 1416 illuminatum,
2038 1330 2143 1402 uti
2174 1341 2338 1401 tunc
2370 1357 2639 1400 omnem

301 1443 653 1509 nationem
697 1448 882 1508 tetra
921 1442 1215 1528 caligine
1246 1442 1659 1528 absorptam.
1749 1440 1830 1505 In
1860 1440 2068 1504 tertio
2100 1460 2294 1523 aequa
2325 1441 2363 1480 '¹‘
2397 1458 2633 1524 aspor-

304 1550 545 1612 tentur
580 1546 1167 1630 ·thymiamatoria
1228 1565 1308 1609 ac
1371 1545 1429 1609 si
1494 1544 1880 1609 holocausti
1941 1543 2164 1609 cordis
2226 1541 2506 1607 contriti
2568 1545 2642 1606 et

301 1649 648 1715 humiliati
672 1648 960 1713 Domino
984 1648 1464 1727 thurificaturi,
1491 1648 1670 1714 sicut
1693 1648 2039 1713 Abrabam
2074 1646 2144 1710 in
2171 1651 2331 1732 typo
2358 1643 2638 1721 Christi,

304 1774 429 1839 per
472 1751 888 1817 oblationem
920 1752 1140 1828 Isaac,
1172 1772 1250 1816 ac
1282 1755 1360 1815 ut
1402 1751 1834 1836 patriarchas
1864 1771 1990 1835 per
2032 1749 2232 1813 fidem
2281 1752 2353 1814 et
2382 1747 2641 1813 devoti-

304 1877 521 1933 onem,
571 1853 716 1920 Deo
758 1853 829 1917 in
875 1855 1149 1919 odorem
1192 1855 1559 1920 suavitatis
1608 1853 2099 1939 complacuisse
2145 1852 2637 1938 cognoscimus.

299 1958 382 2022 In
427 1962 672 2041 quarto
720 1958 991 2034 etenim,
1039 1978 1123 2021 ex
1170 1957 1472 2023 sacrario
1526 1957 1770 2021 divinae
1818 1957 2175 2043 Scripturae
2222 1976 2423 2039 pares
2468 1953 2629 2019 libri

301 2060 711 2146 evangelicae
757 2059 944 2146 pacis
991 2060 1346 2145 prodeant,
1376 2060 1857 2126 denuntiantes
1889 2081 2117 2125 arcam
2162 2059 2419 2124 veteris
2461 2057 2639 2143 legis

302 2165 373 2227 in
405 2163 719 2250 passione
742 2162 1013 2227 Domini
1038 2163 1357 2240 clausam,
1381 2184 1460 2228 ac
1482 2162 1908 2249 legislatoris
1931 2162 2193 2248 Moysis
2224 2167 2640 2227 testamenta

306 2266 521 2331 scisso
551 2265 703 2330 velo
747 2266 1076 2351 patuisse,
1112 2265 1311 2329 simul
1360 2272 1431 2331 et
1460 2287 1648 2330 novae
1679 2266 1916 2352 gratiae
1960 2287 2039 2330 ac
2083 2265 2404 2329 veritatis
2437 2285 2639 2329 evan-

304 2368 559 2456 gelium
607 2368 900 2433 lucidius
946 2368 1088 2433 sole
1138 2390 1262 2453 per
1306 2368 1543 2433 Jesum
1598 2367 1940 2434 Christum
1988 2368 2236 2453 ubique
2285 2367 2638 2432 claruisse.

307 2471 391 2537 In
424 2471 659 2557 quinto
708 2470 1037 2556 siquidem
1083 2477 1227 2537 tres
1258 2492 1458 2556 quam
1494 2471 1781 2557 speciosi
1824 2471 2378 2556 pronuntiatores
2421 2471 2640 2537 sancti

308 2575 645 2661 evangelii
716 2575 1145 2653 comitentur,
1214 2573 1609 2641 sindonibus
1677 2576 2178 2653 circumamicti,
2246 2580 2501 2653 ternas,
2566 2576 2637 2640 in

310 2680 578 2744 nomine
630 2680 889 2744 Sanctae
939 2678 1322 2757 Trinitatis,
1367 2685 1525 2746 ante
1571 2680 1781 2745 facies
1831 2701 1991 2745 suas
2036 2678 2420 2763 bajulantes
2469 2699 2639 2763 quas

310 2806 519 2872 supra
548 2783 907 2850 retulimus
940 2784 1296 2869 ampullas,
1328 2805 1615 2869 quarum
1646 2785 1790 2850 duae
1836 2784 2181 2871 purissimi
2216 2783 2347 2848 olei
2379 2783 2639 2868 liquore

310 2893 514 2953 erunt
557 2886 843 2964 refertae,
891 2886 1293 2972 singillatim
1339 2887 1423 2952 ad
1476 2888 1750 2974 singula
1797 2887 2122 2973 mysteria
2173 2887 2638 2953 benedictione

310 2989 686 3077 pontificali
732 2989 1234 3066 -consecrandae,
1294 2989 1515 3075 prima
1575 3011 1735 3055 vero
1797 2990 1882 3054 ad
1943 2989 2166 3054 oleum
2227 2990 2637 3054 infirmorum

309 3093 614 3181 perfecta
656 3092 990 3157 medicina
1040 3092 1124 3157 ad
1178 3093 1580 3178 effugandas
1634 3114 1900 3176 quoque
1953 3094 2393 3179 aegritudines
2440 3096 2512 3159 et
2555 3092 2637 3157 ad

311 3196 781 3262 remissionem
828 3200 1280 3281 peccatorum,
1313 3199 1394 3260 ut
1436 3217 1558 3280 per
1599 3196 1982 3281 apostolum
2027 3196 2472 3260 instruimur:
2517 3196 2638 3259 In-

297 3302 631 3384 firmatur
674 3299 830 3383 quie
875 3301 953 3362 in
1000 3300 1250 3362 vobis?
1292 3308 1647 3384 unquatur
1699 3299 1848 3364 oleo
1893 3298 2202 3364 salutari
2252 3300 2327 3363 in
2370 3300 2637 3363 nomine

311 3404 616 3480 Domini,
663 3407 731 3467 et
775 3402 1141 3467 alleviabit
1186 3423 1337 3468 eum
1380 3403 1767 3482 Dominum
1812 3413 1878 3467 et
1929 3404 1992 3466 si
2037 3403 2113 3466 in
2153 3404 2471 3483 peccatis
2520 3406 2635 3479 sit,

311 3509 751 3572 dimittentur
794 3508 879 3571 ei.
972 3507 1279 3571 Secunda
1329 3510 1557 3572 autem
1607 3506 1695 3571 ad
1749 3505 1971 3571 oleum
2021 3510 2352 3583 sanctum,
2401 3506 2634 3571 unctio

313 3609 697 3695 spiritualis
758 3610 843 3675 ad
912 3610 1407 3675 confirmandos
1483 3630 1785 3694 quosque
1848 3610 1917 3673 in
1982 3613 2257 3695 pectore
2324 3613 2397 3674 et
2459 3610 2639 3675 inter

313 3712 649 3799 scapulas,
681 3717 1045 3797 antequam
1076 3714 1421 3799 baptizent
1464 3712 1774 3781 homines
1817 3711 1888 3775 in
1923 3716 2345 3777 sacramento
2379 3711 2637 3797 baptis·

312 3816 519 3881 matis
584 3815 1109 3902 regenerandos.
1229 3815 1465 3880 Tertia
1526 3814 1857 3899 siquidem
1922 3813 2253 3898 liquidum
2322 3815 2639 3880 similiter

312 3917 684 3983 continebit-
733 3917 973 3995 oleum,
1022 3917 1195 4003 qnod
1252 3916 1538 3983 balsami
1588 3917 2060 3982 commixtione
2114 3917 2363 3982 divinis
2416 3939 2637 3984 sacra-

313 4020 562 4085 mentis
606 4019 1055 4106 purificatnm,
1093 4020 1388 4086 chrisma
1432 4020 1767 4086 efficiatur
1810 4019 2321 4098 sanctificatum,
2353 4021 2437 4086 ad
2480 4042 2634 4086 con-

315 4121 727 4188 secrationes
749 4122 1264 4201 ecclesiasticas,
1287 4123 1370 4188 ad
1402 4122 1889 4208 promovendas
1919 4122 2306 4208 dignitates,
2333 4124 2640 4188 omnibus

312 4227 517 4292 etiam
578 4224 664 4290 ad
724 4246 908 4311 spem
979 4226 1198 4291 vivam
1262 4231 1331 4292 et
1391 4227 1603 4292 beatae
1668 4225 2204 4312 regenerationis
2262 4225 2633 4292 novitatem

306 4416 343 4450 ὓ
377 4415 580 4469 duo.—
593 4412 827 4467 Winton.
