3117 5025
1056 353 1497 418 Consecratio
1531 352 1884 433 Episcopi.
2494 349 2620 413 231

399 560 631 622 Missa
663 558 969 638 episcopi
990 579 1128 638 pro
1158 578 1228 623 se
1258 559 1335 622 in
1364 560 1479 622 die
1510 559 1982 622 ordinationis
2013 579 2172 621 suoe.

403 661 670 726 Oratio,
759 660 963 735 Deus,
997 660 1110 743 qui
1140 682 1273 724 non
1304 661 1594 745 propriis
1639 661 2168 745 suffragantibus
2195 660 2477 737 meritis,
2511 660 2627 725 sed

307 761 458 827 sola
525 762 884 827 ineffabilis
954 763 1186 847 gratiae
1245 763 1566 847 largitate
1632 785 1736 827 me
1803 762 2075 827 familiae
2140 769 2273 827 tuae
2340 784 2627 847 praeesse

310 865 609 942 voluisti,
655 865 876 929 tribue
918 887 1022 929 me
1049 867 1188 953 ‘tibi
1237 867 1436 951 digne
1482 865 1864 950 persolvere
1917 866 2360 930 ministerium
2408 887 2626 931 sacer-

306 968 554 1033 dotalis
584 967 803 1043 officii,
829 973 897 1030 et
928 968 1402 1033 ecclesiasticis
1427 970 1902 1033 convenienter
1933 968 2185 1032 servire
2216 968 2626 1047 ministeriis,

308 1070 707 1154 plebemque
734 1070 900 1133 mihi
931 1072 1373 1147 commissam,
1398 1077 1467 1136 te
1497 1073 1569 1135 in
1601 1072 1907 1135 omnibus
1937 1075 2352 1157 protegente,
2384 1073 2628 1157 guber-

314 1194 476 1237 nare
509 1174 814 1237 concede.
903 1174 1033 1236 Per
1063 1174 1443 1239 Dominum.
2078 1175 2083 1180 ’

397 1277 701 1339 Secreta.
793 1276 896 1339 Ad
955 1275 1260 1360 gloriam,
1308 1276 1615 1354 Domine,
1665 1277 1765 1341 tui
1827 1274 2114 1339 nominis
2173 1296 2397 1340 annua
2454 1276 2633 1343 festa

310 1383 694 1462 repetentes
741 1378 1177 1443 sacerdotalis
1229 1379 1443 1455 officii,
1486 1378 1779 1443 hostiam
1825 1379 1952 1443 tibi
1996 1377 2217 1442 laudis
2269 1378 2632 1456 offerimus,

309 1481 705 1565 suppliciter
751 1485 1129 1557 exorantes,
1177 1486 1256 1544 ut
1299 1483 1491 1564 cujus
1539 1481 1898 1546 ministerii
1944 1480 2086 1543 vice
2131 1480 2255 1544 tibi
2302 1481 2630 1546 servimus

316 1583 657 1657 immeriti,
689 1583 1033 1667 suffragiis
1063 1583 1421 1647 reddamur
1450 1583 1728 1668 accepti.
1818 1585 1947 1649 Per
1977 1582 2356 1648 Dominum.

397 1684 577 1761 Infra
614 1685 923 1742 Canonem.

404 1780 603 1843 Hanc
635 1779 845 1864 igitur
890 1778 1298 1843 oblationem
1330 1801 1529 1868 quam
1575 1781 1694 1846 tibi
1745 1782 1952 1846 offero
1984 1801 2109 1865 ego
2140 1778 2433 1844 famulus
2477 1782 2638 1844 tuus

321 1888 391 1948 et
423 1881 755 1956 sacerdos,
778 1880 861 1944 ob
892 1881 1065 1944 diem
1096 1882 1164 1943 in
1197 1903 1330 1965 qua
1359 1904 1466 1945 me
1497 1884 1814 1968 dignatus
1839 1904 1911 1947 es
1942 1884 2012 1945 in
2043 1882 2418 1946 ministerio
2451 1904 2640 1948 sacro

320 1986 733 2051 constituere
781 1984 1215 2060 sacerdotem,
1260 1987 1554 2063 obsecro,
1595 1987 1901 2062 Domine,
1947 1986 2258 2070 placatus
2302 1985 2637 2069 accipias3

318 2088 495 2153 unde
525 2086 951 2169 majestatem
996 2091 1182 2150 tuam
1226 2109 1446 2164 exoro,
1479 2094 1554 2153 ut
1601 2089 1778 2173 quod
1807 2088 1876 2151 in
1906 2109 2012 2152 me
2057 2086 2294 2173 largiri
2323 2088 2638 2172 dignatus

322 2213 419 2268 es,
451 2190 786 2274 propitius
819 2189 1153 2265 custodire
1183 2190 1503 2275 digneris.

431 2292 995 2356 Postcommunio.
1106 2292 1522 2377 Repleantur
1594 2292 2165 2357 consolationibus
2235 2291 2394 2366 tuis,
2468 2312 2639 2375 quae-

322 2415 575 2470 sumus,
634 2392 940 2468 Domine,
1003 2397 1271 2459 tuorum
1337 2396 1541 2460 corda
1598 2396 1916 2472 fidelium,
1977 2395 2361 2480 pariterque
2428 2398 2499 2457 et
2555 2395 2638 2457 de

321 2497 640 2564 Ecclesiae
699 2495 1004 2580 praesule,
1067 2502 1139 2565 et
1195 2499 1278 2565 de
1342 2520 1613 2565 suorum
1674 2503 1981 2566 votorum
2042 2494 2455 2581 plenitudine
2517 2495 2641 2561 tibi

319 2604 621 2669 referant
651 2598 969 2666 actiones.
