3117 5025
517 384 646 447 122
1033 384 1474 451 Consecratio
1505 383 1764 451 altario
1795 386 1940 451 eine
1970 384 2309 452 Ecclesia.

516 595 588 654 et
609 590 896 676 gratiam
922 590 1341 675 sempiternae
1366 589 1845 676 redemptionis
1871 590 2242 676 acquirant.
2332 590 2463 656 Per
2483 588 2843 655 Dominum

519 699 846 758 nostrum.

601 792 831 854 Deinde
857 802 1080 853 teneant
1118 793 1457 853 subdiaconi
1493 793 1583 852 vel
1620 793 1849 852 accoliti
1884 793 2227 854 linteamina
2252 794 2341 853 vel
2379 795 2574 854 omnia
2602 795 2843 854 ecclesiae

518 898 852 949 ornamenta
868 910 966 948 eeu
984 910 1122 948 vasa
1141 897 1386 961 sacrata,
1413 909 1751 966 quaecunque
1771 889 1851 947 ad
1869 889 2083 970 cultum
2104 887 2227 950 Dei
2237 890 2516 969 pertinere
2532 892 2800 950 videntur
2816 912 2843 964 ,·

521 993 572 1043 et
600 984 885 1043 benedicat
911 1004 977 1042 ea
995 983 1253 1062 pontifex
1265 983 1442 1060 juxta
1468 982 1617 1041 hunc
1642 982 1890 1042 modum.

607 1080 1012 1146 Benedictio
1047 1078 1539 1144 linteaminum.

616 1184 885 1250 Oratio.

609 1285 914 1350 Oremus.

604 1384 890 1450 Domine
921 1384 1109 1451 Deus
1140 1383 1586 1468 omnipotens,
1618 1385 1732 1471 qui
1765 1385 1850 1450 ab
1880 1384 2074 1450 initio
2119 1386 2500 1453 hominibus
2544 1386 2746 1453 utilia
2775 1393 2846 1452 et

513 1489 897 1553 necessaria
919 1487 1189 1564 creasti,
1214 1487 1458 1571 quique
1484 1487 1931 1553 sacerdotalia
1953 1490 2358 1554 vestimenta
2382 1490 2844 1555 sacerdotibus

516 1599 588 1657 et
639 1593 913 1658 levitica
971 1591 1218 1668 levitis,
1269 1598 1665 1657 ornamenta
1717 1613 1979 1678 quoque
2034 1597 2104 1658 et
2162 1593 2561 1659 linteamina
2611 1594 2837 1659 facere

512 1694 840 1760 famulum
890 1700 1080 1760 tuum
1132 1695 1415 1778 Moysen
1469 1716 1593 1780 per
1642 1695 2095 1780 quadraginta
2145 1695 2292 1761 dies
2336 1697 2646 1774 docuisti,
2692 1719 2839 1781 quae

515 1819 707 1863 soror
733 1798 946 1883 ipsius
978 1797 1204 1862 Maria
1231 1797 1598 1862 honorifice
1628 1798 1792 1863 fecit
1822 1803 1893 1863 et
1931 1799 2153 1864 texuit
2181 1800 2250 1862 in
2283 1821 2478 1864 usum
2522 1802 2839 1864 taberna-

514 1900 651 1965 culi
680 1899 985 1977 foederis3
1031 1904 1102 1964 te
1133 1920 1534 1984 quaesumus,
1566 1905 1645 1964 ut
1675 1900 2179 1986 sanctifflficare
2214 1905 2336 1987 [et]
2367 1903 2843 1982 conse—horare

515 2001 814 2088 digneris
857 2003 995 2067 haec
1037 2002 1434 2066 linteamina
1476 2002 1548 2066 in
1594 2022 1790 2066 usum
1837 2002 2076 2067 altaris
2106 2003 2228 2068 tui.
2318 2005 2451 2070 Per
2494 2004 2839 2069 Christum

518 2104 872 2170 Dominum
905 2109 1232 2170 nostrum.

605 2209 906 2274 Oremus.

611 2311 875 2377 Oratio.
962 2308 1283 2395 Dignare,
1334 2307 1641 2386 Domine,
1686 2308 1872 2374 Deus
1925 2310 2366 2396 omnipotens,
2410 2310 2558 2376 Rex
2601 2332 2841 2398 regum

515 2418 586 2480 et
627 2413 955 2479 Dominus
999 2411 1507 2487 dominantium,
1543 2410 1867 2476 Sacerdos
1898 2413 2190 2477 omnium
2236 2417 2307 2484 et
2349 2414 2660 2479 Pontifex
2690 2416 2842 2479 uni-

515 2538 886 2592 versorum,
916 2536 1038 2599 per
1083 2536 1280 2600 quem
1311 2536 1448 2579 una
1487 2536 1639 2579 eum
1684 2516 1888 2580 Patre
1933 2516 2308 2601 Sanctoque
2356 2517 2613 2602 Spiritu
2654 2518 2843 2584 faeta

518 2625 679 2686 sunt
727 2619 1066 2696 universa,
1111 2618 1182 2682 in
1227 2618 1493 2681 nomine
1540 2622 1660 2682 ‘tuo
1712 2618 2205 2703 beneffidicere,
2250 2619 2726 2699 consecrtkare
2773 2629 2848 2687 et

516 2720 1017 2805 sanctifflficare
1060 2719 1362 2805 digneris
1411 2720 1550 2784 haec
1597 2720 1819 2784 omnia
1863 2726 2261 2787 ornamenta
2303 2722 2508 2806 hujus
2552 2723 2842 2801 altaris3

509 2830 582 2890 et
624 2822 1177 2908 quemadmodum
1231 2822 1668 2887 sanctificasti
1717 2824 1934 2889 officia
1975 2824 2398 2889 tabernaculi
2438 2827 2837 2905 testimonii,

510 2927 612 2992 ita
654 2946 831 2989 nunc
875 2943 1155 2988 manens
1199 2923 1269 2987 in
1312 2928 1635 2988 aeternum
1681 2945 1981 2990 summus
2026 2928 2340 2992 sacerdos
2386 2930 2835 3007 sacerdotum,

513 3028 738 3094 omnia
786 3028 1236 3091 instrumenta
1292 3025 1496 3110 hujus
1548 3026 1788 3092 altaris
1840 3048 1984 3112 quae
2034 3029 2216 3093 inter
2273 3035 2540 3095 nostras
2590 3053 2837 3096 manus

514 3130 871 3205 habentur,
917 3128 1113 3193 corde
1167 3125 1335 3212 puro
1388 3148 1759 3212 precamur,
1810 3136 1889 3194 ut
1940 3129 2386 3210 beneffldieas,
2430 3131 2839 3218 puriffifices,

508 3234 953 3310 consecrffleffi
1012 3236 1083 3296 et
1134 3230 1549 3295 sanctificata
1601 3252 1979 3297 conserves.
2068 3231 2194 3317 Qui
2247 3233 2421 3298 vivis
2475 3240 2544 3299 et
2588 3256 2838 3322 regnas

513 3356 663 3401 cum
694 3333 837 3400 Deo
882 3332 1132 3398 Patre
1113 3354 1184 3397 1n
1212 3332 1474 3397 unitate
1520 3333 1821 3416 ejusdem
1856 3332 2152 3417 Spiritus
2200 3336 2449 3414 Sancti,
2480 3335 2685 3457 Deus,
2717 3359 2844 3423 per

511 3438 734 3504 omnia
764 3435 1006 3501 saecula
1036 3434 1449 3500 saeculorum.
1540 3437 1779 3500 Amen.

591 3540 818 3600 Deinde
850 3538 1088 3598 diaconi
1127 3538 1371 3597 vestiant
1412 3537 1614 3610 altare,
1657 3538 1911 3616 episcopo
1945 3545 1997 3597 et
2044 3539 2231 3599 schola
2279 3542 2641 3600 cantantibus
2681 3544 2842 3602 anti·

503 3636 778 3716 phanum.

604 3965 1060 4036 Circumda-te
1107 3965 1179 4031 Si
1200 4003 1226 4016 -
1246 4002 1274 4014 -
1295 3987 1383 4030 on
1416 3972 1486 4032 et
1528 3966 2112 4054 complecti-mi-ni
2182 3991 2219 4035 e
2251 3992 2414 4049 -am,
2457 3994 2695 4041 nar-ra
2723 4014 2752 4026 -
2782 3981 2857 4042 te

512 4114 1465 4251 Q

503 4283 572 4345 in
603 4276 784 4344 turri
817 4313 843 4326 -
873 4275 1001 4340 bus
1092 4295 1129 4339 e
1160 4310 1187 4324 -
1212 4272 1349 4357 jus.
