3117 5025
1083 436 1452 503 Dedioatio
1482 436 1828 503 Ecclesiae.
2533 432 2620 499 68

382 633 837 721 Magnificam,
869 637 1150 704 Domine
1180 638 1366 707 Deus
1410 644 1664 718 noster,
1696 640 1764 704 in
1803 638 2055 706 sanetis
2092 637 2252 716 tuis,
2282 639 2354 702 et
2380 636 2507 702 hoc
2551 635 2621 700 in

288 738 543 823 templo
575 739 699 804 tibi
746 741 1066 807 aedificato
1110 764 1380 829 appare,
1412 749 1490 809 ut
1517 743 1632 828 qui
1679 742 1901 808 omnia
1943 742 2012 807 in
2039 741 2198 807 filiis
2245 738 2619 825 adoptionis

287 841 607 924 operaris,
638 842 783 929 ipse
829 864 1092 929 semper
1120 845 1191 909 in
1233 850 1353 910 tua
1381 846 1768 911 haereditate
1812 843 2127 914 lauderis.
2209 843 2344 915 Per
2389 839 2613 908 Domi-

290 963 470 1009 num.

366 1052 594 1111 Deinde
619 1054 826 1113 scribat
867 1055 1152 1135 episcopus
1191 1055 1260 1116 dc
1298 1056 1531 1116 sinistro
1571 1056 1780 1135 ‹2719qu
1818 1055 2052 1115 orientis
2080 1075 2190 1134 per
2218 1054 2612 1134 pavimentum

284 1167 413 1206 cum
440 1148 635 1207 baculo
661 1150 1075 1210 Abecedarium
1106 1150 1370 1211 Graecum
1410 1172 1583 1229 usquc
1609 1151 1676 1210 in
1714 1151 1973 1209 dextrum
2013 1148 2287 1227 anyulmn
2313 1146 2611 1208 occidentis

248 1317 255 1322 h
285 1241 355 1301 in
379 1243 590 1317 sabulo,
614 1245 699 1304 vel
724 1245 791 1303 in
816 1245 1000 1305 cinere
1014 1246 1069 1305 si
1093 1268 1208 1305 non
1232 1246 1309 1307 sit
1335 1247 1425 1306 ibi
1437 1247 1715 1319 sabulum,
1733 1245 2015 1305 cantando
2040 1245 2187 1304 hanc
2213 1243 2606 1321 antiphonam.

341 1371 1472 1443 1==-=-——-
1171 1378 1310 1407 ¹³-
1348 1376 1364 1406 '
1403 1377 1865 1443 Ἦ·-

375 1512 970 1580 Fun-da-mentum
1008 1536 1050 1581 a
1081 1553 1108 1565 -
1137 1515 1189 1579 li
1220 1553 1248 1567 -
1278 1516 1368 1581 ud
1427 1536 1652 1581 ne-mo
1693 1519 1950 1600 po-test
2007 1533 2311 1600 po-ne-re
2339 1516 2612 1598 pree-ter

586 1668 795 1703 -“-
834 1671 868 1705 Η
906 1688 938 1701 -
976 1670 1380 1737 ..ἒ
1419 1672 1486 1703 -
1524 1673 1647 1703 -
1684 1686 1718 1736 =
1757 1671 2001 1703 -“-
2102 1704 2106 1735 Ι

284 1802 482 1869 il-lud
509 1804 692 1874 de-ni
723 1845 750 1857 -
781 1829 911 1893 que
973 1809 1148 1893 quod
1177 1830 1266 1894 po
1295 1846 1322 1859 -
1355 1810 1591 1874 si-tum
1628 1814 1734 1874 est
1809 1828 1851 1873 a
1881 1805 2150 1874 Christo
2179 1805 2545 1874 Do-mi·no.

369 2096 714 2164 Psalmus.
802 2098 1285 2167 Fundamenta.
1422 2121 1458 2164 e
1520 2121 1566 2164 ιι
1626 2121 1665 2164 o
1730 2121 1772 2163 u
1831 2121 1875 2164 a
1934 2120 1991 2164 e.

369 2267 526 2332 Una
866 2267 979 2333 dia
1311 2269 1440 2334 tris
1781 2268 2063 2334 tessaris
2353 2275 2552 2357 pente

455 2392 480 2433 1
915 2393 964 2435 n
1341 2394 1413 2435 111
1849 2393 1948 2436 ιιιι
2443 2395 2485 2435 v

366 2474 572 2562 alpha
831 2476 989 2544 beta
1305 2498 1503 2565 gama
1824 2476 2006 2543 delta
2316 2497 2352 2541 e
2383 2477 2606 2545 brevis

373 2735 498 2779 exa
837 2721 996 2800 epta
1337 2722 1531 2782 octoa
1551 2802 1557 2808 .
1874 2736 2087 2781 ennea
2436 2718 2607 2785 deca

393 2841 462 2884 v1
874 2842 965 2884 vu
1366 2842 1483 2885 vm
1954 2843 2024 2884 1x
2497 2845 2539 2889 x

573 2926 726 2988 zeta
1339 2924 1502 2989 heta
1903 2925 2096 2991 theta
2446 2927 2588 2994 iota

363 3164 504 3230 icos
750 3167 980 3229 traniza
1201 3168 1587 3230 tesseraniza
1834 3168 2159 3250 pentanta
2356 3173 2599 3234 exenta

394 3288 484 3330 xx
669 3317 678 3324 .
793 3289 928 3329 xxx
1336 3266 1406 3329 xl
2000 3266 2027 3329 l
2136 3355 2140 3360 .
2444 3268 2514 3333 lx

366 3391 578 3457 cappa
754 3370 940 3436 lanta
1038 3408 1045 3421 ·
1289 3371 1423 3434 moi
1945 3370 2057 3434 noi
2444 3372 2513 3435 xi

366 3715 753 3798 eptamenta
1100 3711 1391 3777 ottonita
1741 3709 2036 3775 emonita
2400 3719 2595 3781 ecato

451 3812 573 3878 lxx
1153 3812 1318 3876 lxxx
1850 3832 1932 3876 xc
2475 3839 2511 3881 c

365 3936 405 3981 o
432 3917 656 3982 brevis
1196 3916 1267 4002 pi
1773 3914 1982 3999 cophe
2465 3939 2542 3984 ro

363 4153 588 4219 diacos
816 4154 1064 4221 triacos
1291 4156 1587 4219 tetracos
1813 4156 2133 4239 pentacos
2360 4176 2598 4224 exacos

449 4278 521 4322 cc
873 4278 981 4321 ccc
1361 4278 1504 4321 cccc
1954 4256 1995 4319 d
2433 4259 2513 4325 dc

391 4360 557 4423 sima
868 4365 986 4423 tau
1413 4359 1480 4422 ui
1948 4359 1992 4421 fi
2430 4363 2535 4426 chi

446 4463 524 4529 7*
