3117 5025
542 372 675 439 326
711 330 716 334 -
1111 379 1160 440 I
1159 402 1202 442 n
1233 381 1690 447 Dedicatione
1721 382 2057 449 Basilicoe
2087 407 2298 449 novae.

617 565 786 623 Alia.

622 659 832 740 Deus,
886 664 1003 748 qui
1056 686 1138 728 ex
1193 666 1371 730 omni
1425 667 1857 751 coaptatione
1921 678 2305 734 sanctorum
2357 673 2677 733 aeternum
2734 667 2864 732 tibi

535 765 764 830 condis
795 765 1259 832 habitaculum
1284 793 1302 846 ;
1349 771 1438 835 da
1467 770 1893 837 aedificationi
1923 777 2054 838 tuae
2085 773 2506 838 incrementa
2535 770 2863 846 coelestia,

529 872 605 932 ut
663 889 949 952 quorum
1009 871 1119 935 hic
1177 871 1503 956 reliquias
1564 872 1676 956 pio
1737 895 1962 940 amore
2024 874 2555 960 complectimur,
2616 894 2850 938 eorum

531 992 796 1056 semper
824 973 1088 1040 meritis
1118 975 1535 1060 adjuvemur.
1627 977 1775 1041 Per.

612 1074 699 1133 Et
723 1076 987 1154 reliquioe
1016 1085 1275 1136 tenentur
1301 1079 1369 1136 in
1395 1079 1681 1136 manibus.

604 1167 803 1229 Lectio
830 1172 899 1230 de
926 1173 1176 1250 apostolo
1202 1174 1478 1252 sequitur.

609 1265 1165 1347 Responsorium.
1253 1268 1472 1333 Locus
1503 1269 1634 1333 iste
1668 1290 1710 1334 a
1739 1268 1882 1334 Deo
1915 1270 2157 1335 factus.

626 1369 703 1433 V.
793 1369 998 1448 Deus,
1031 1371 1140 1435 cui
1170 1371 1401 1438 adstat
1427 1371 1846 1458 angelorum.

608 1473 945 1560 Alleluya.
1039 1475 1351 1540 Adorabo
1383 1476 1466 1541 ad
1500 1475 1847 1560 templum.

603 1578 807 1635 Postea
835 1578 1213 1654 evangelium.

605 1671 692 1731 Et
717 1673 971 1733 oratione
997 1694 1167 1752 super
1192 1675 1382 1733 oblata
1393 1673 1583 1752 facta,
1607 1695 1718 1753 per
1743 1675 1954 1749 Amen,
1984 1675 2204 1735 dicitur
2230 1676 2353 1735 alta
2382 1698 2523 1737 voce.

613 1769 916 1834 Oremus.

605 1872 810 1949 Deus,
845 1874 1455 1939 sanctificationum
1490 1874 1916 1959 omnipotens
1948 1875 2347 1951 dominator,
2381 1876 2576 1959 cujus
2622 1876 2848 1961 pietas

523 1976 666 2040 sine
696 1976 829 2040 fine
877 1978 1211 2054 sentitur;
1258 1977 1467 2054 Deus,
1500 1977 1616 2061 qui
1664 1978 1965 2042 coelestia
2013 1977 2321 2044 simulet
2350 1984 2624 2042 terrena
2671 2000 2851 2043 com-

517 2076 861 2162 plecteris,
896 2099 1177 2144 servans
1219 2079 1750 2145 misericordiam
1798 2085 1983 2145 tuam
2016 2081 2263 2170 populo
2309 2084 2430 2145 tuo
2471 2080 2848 2146 ambulanti

521 2186 678 2246 ante
704 2187 1136 2267 conspectum
1168 2181 1399 2268 gloriae
1425 2187 1553 2247 tuae
1580 2207 1595 2260 ;
1640 2183 1883 2247 exaudi
1908 2204 2143 2267 preces
2177 2204 2522 2247 servorum
2547 2189 2845 2262 tuorum,

518 2292 595 2351 ut
641 2286 781 2351 sint
824 2286 1000 2351 oculi
1053 2287 1155 2350 tui
1205 2287 1422 2371 aperti
1477 2308 1682 2371 super
1733 2286 2002 2350 domum
2052 2287 2249 2350 istam
2307 2286 2414 2349 die
2467 2308 2546 2351 ac
2600 2293 2842 2353 nocte:

514 2390 817 2475 hancque
861 2390 1212 2455 basilicam
1258 2391 1327 2453 in
1357 2391 1611 2455 honore
1660 2390 1879 2454 sancti
1923 2389 2025 2454 tui
2071 2391 2221 2465 ill„
2256 2391 2467 2454 sacris
2499 2393 2842 2475 mysteriis

515 2494 916 2571 institutam,
952 2495 1518 2560 clementissimus
1560 2494 1817 2571 dedica,
1849 2494 2208 2559 miserator
2238 2493 2534 2572 illustra,
2566 2496 2840 2581 proprio

515 2599 868 2684 splendore
901 2598 1217 2677 clarifica,
1249 2621 1644 2682 omnemque
1678 2598 2013 2664 hominem
2044 2598 2426 2663 venientem
2457 2599 2737 2664 adorare
2768 2601 2838 2663 in

512 2702 637 2766 hoc
698 2702 843 2766 loco
904 2702 1214 2786 placatus
1266 2702 1572 2778 admitte,
1627 2702 1964 2786 propitius
2017 2700 2294 2785 dignare
2350 2701 2707 2785 respicere,
2765 2710 2835 2766 et

513 2811 788 2891 propter
818 2827 1058 2869 nomen
1089 2811 1278 2870 tuum
1328 2827 1667 2890 magnum,
1700 2827 1904 2869 manu
1936 2804 2097 2868 forti
2143 2809 2214 2869 et
2242 2804 2517 2868 brachio
2564 2805 2831 2869 excelso

512 2909 581 2972 in
640 2910 766 2972 hoc
832 2908 1224 2973 habitaculo
1297 2908 1760 2993 supplicantes
1829 2907 2048 2971 libens
2113 2911 2418 2992 protege,
2479 2907 2838 2991 dignanter

509 3011 770 3087 exaudi,
804 3018 1054 3076 aeterna
1079 3010 1471 3075 defensione
1502 3031 1827 3074 conserva
1857 3015 1934 3074 ut
1981 3030 2245 3094 semper
2274 3008 2504 3074 felices
2538 3032 2830 3097 semper-

507 3136 635 3200 que
682 3119 802 3180 tua
840 3113 1168 3200 religione
1223 3112 1553 3189 laetanteS,
1601 3118 1995 3177 constanter
2046 3113 2114 3175 in
2169 3117 2416 3177 sanctae
2470 3112 2828 3180 Trinitatis

506 3218 660 3282 fidei
693 3216 1044 3283 Catholica
1073 3221 1533 3302 perseverent.
1624 3216 1773 3279 Per.

582 3319 717 3379 Hac
743 3321 997 3379 oratione
1011 3322 1216 3398 finita,
1249 3320 1561 3396 offeruntur
1588 3317 1910 3376 oblationes.

596 3422 714 3503 Off.
802 3417 1086 3482 Domine
1118 3415 1324 3490 Deus,
1361 3416 1428 3478 in
1462 3413 1915 3499 simplicitate.

603 3524 679 3586 V.
771 3521 967 3585 Fecit
1000 3518 1337 3584 Salomon.

585 3625 770 3704 Super
795 3625 1002 3683 oblata.

586 3722 773 3787 Deus
826 3720 1155 3785 virtutum
1201 3717 1591 3793 coelestium,
1639 3716 1753 3800 qui
1807 3715 1876 3780 in
1925 3716 2105 3779 omni
2151 3713 2298 3779 loco
2343 3714 2821 3780 dominationis

499 3832 628 3890 tuae
661 3830 845 3890 totus
874 3822 1145 3887 assistis
1172 3827 1242 3886 et
1263 3827 1451 3886 totus
1482 3820 1808 3905 operaris,
1835 3824 2113 3903 accepta
2146 3818 2547 3883 sacrificium
2571 3821 2821 3884 nomini

496 3936 613 3993 tuo
659 3927 990 4010 benignus
1038 3923 1382 4001 oblatum3
1430 3929 1499 3987 ct
1553 3922 1760 4006 hujus
1812 3922 2073 3997 domus,
2121 3923 2312 4005 cujus
2360 3942 2435 3985 es
2478 3922 2818 3999 fundator,

491 4038 639 4097 esto
680 4036 1044 4116 protector.
1138 4028 1354 4093 Nulla
1396 4028 1505 4092 hic
1549 4027 1850 4090 fidelium
1900 4026 2079 4090 votis
2125 4025 2434 4109 nequitia
2467 4027 2816 4090 contrariae

493 4134 852 4219 potestatis
897 4131 1208 4210 obsistat,
1238 4137 1317 4195 ut
1347 4130 1596 4196 virtute
1632 4129 1861 4194 Sancti
1911 4128 2203 4214 Spiritus
2246 4129 2367 4192 fiat
2410 4128 2519 4192 hic
2553 4150 2815 4214 semper

492 4237 928 4302 servientium
958 4234 1083 4300 tibi
1115 4234 1358 4299 devota
1384 4233 1689 4299 libertas.
1781 4234 1932 4297 Per.

570 4343 738 4401 Alia.

571 4441 805 4505 Altare
869 4444 1079 4514 tuum,
1134 4434 1437 4511 Domine,
1495 4434 1844 4499 sacrificiis
1905 4433 2286 4497 coelestibus
2347 4431 2793 4497 inchoandum
