3117 5025
510 379 599 446 56
1296 383 1666 450 Dedicatio
1696 382 2043 449 Ecclesiae.

509 585 973 672 plicationibus
1016 588 1285 666 nostris,
1316 594 1387 656 et
1428 589 1630 674 hujus
1676 590 1934 668 domus,
1967 588 2157 673 cujus
2188 609 2263 653 es
2306 587 2638 665 fundator,
2678 590 2827 652 esto

504 694 877 775 protector;
926 691 1111 755 nulla
1140 691 1248 755 hic
1279 692 1579 776 nequitia.
1608 691 1951 758 contrariae
1980 690 2337 777 potestatis
2368 691 2672 767 obsistat,
2706 690 2826 754 sed

512 792 761 857 virtute
810 794 1096 878 Spiritus
1149 793 1373 859 Sancti
1419 802 1756 881 operante,
1802 797 1923 861 fiat
1958 796 2068 859 hic
2095 795 2228 859 >tibi
2286 814 2544 879 semper
2587 814 2829 879 purum

511 896 856 962 servitium
887 902 958 962 et
986 897 1224 962 devota
1255 897 1556 964 libertas.
1649 900 1779 965 Per
1807 899 2087 964 eundem
2115 898 2470 964 Dominum
2499 904 2826 962 nostrum.

592 1015 772 1074 Dicta
798 1016 1066 1087 oratione,
1093 1017 1379 1095 percutiat
1418 1018 1703 1097 episcopus
1745 1019 1936 1078 baculo
1977 1026 2059 1077 ter
2091 1017 2316 1089 ostium,
2349 1025 2401 1076 et
2429 1016 2588 1076 dicat
2621 1017 2829 1077 directe

509 1117 688 1169 totum
713 1111 863 1170 hunc
887 1133 1127 1182 versum,
1160 1112 1372 1172 Tollite
1398 1121 1614 1191 portas·

588 1204 872 1263 Minister
896 1227 1021 1264 vero
1049 1206 1271 1264 deintus
1298 1207 1643 1284 respondeat,
1677 1206 1819 1276 Quis
1847 1215 1934 1265 est
1963 1206 2072 1267 iste
2098 1228 2207 1267 rex
2234 1207 2463 1287 gloriae.

599 1301 1007 1382 Episcopus,
1039 1300 1365 1366 Dominus
1395 1301 1592 1366 fortis
1623 1307 1693 1367 et
1720 1307 1981 1386 potens.

593 1403 717 1475 Quo
751 1403 918 1475 dicto,
948 1403 1234 1481 episcopus
1273 1403 1520 1482 incipiat
1544 1404 1782 1462 secundo
1808 1403 2150 1483 praedictam
2186 1404 2579 1482 antiphonam,
2610 1403 2830 1464 Tollite

510 1507 727 1579 portaS,
756 1507 819 1557 ut
844 1519 1037 1577 supra.

589 1594 671 1653 Et
697 1594 1004 1652 circumeat
1042 1614 1170 1652 cum
1209 1593 1331 1651 suis
1370 1594 1607 1652 secundo
1646 1595 1929 1654 ecclesiam
1961 1595 2258 1673 psallendo
2295 1594 2635 1673 praedictam
2674 1595 2828 1653 anti-

502 1689 756 1766 phonam
777 1708 903 1746 cum
922 1709 1021 1747 suo
1043 1688 1263 1767 psalmo
1275 1709 1300 1760 ;
1341 1689 1667 1766 veniensque
1686 1691 1921 1750 secundo
1948 1699 2078 1749 ante
2103 1691 2307 1749 ostium
2336 1690 2512 1761 dicat,

601 1783 902 1847 Oremus.

597 1887 972 1962 Diaconue,
1002 1885 1386 1950 Flectamus
1414 1907 1654 1972 genua.
1745 1886 2015 1952 Levate.

607 1990 867 2054 Oratio,
958 1987 1389 2073 Omnipotens
1415 1990 1815 2074 sempiterne
1839 1990 2043 2067 Deus,
2068 1990 2182 2075 qui
2205 2011 2325 2074 per
2344 1989 2591 2055 Filium
2613 1995 2825 2070 tuum,

513 2091 905 2176 angularem
951 2090 1204 2155 scilicet
1246 2090 1552 2176 lapidem,
1585 2093 1753 2156 duos
1797 2114 1833 2157 e
1875 2093 2138 2158 diverso
2182 2093 2545 2172 venienteS,
2576 2117 2658 2159 ex
2704 2096 2829 2159 cir-

512 2194 911 2259 cumcisione
961 2198 1029 2258 et
1073 2195 1394 2279 praeputio
1442 2196 1750 2279 parietes,
1795 2196 2089 2280 duosque
2143 2218 2383 2282 greges
2434 2199 2653 2262 ovium
2703 2199 2829 2262 sub

512 2320 643 2362 uno
689 2297 1043 2380 eodemque
1089 2304 1355 2383 pastore
1401 2299 1627 2376 unisti,
1658 2299 1745 2363 da
1789 2301 1981 2364 nobis
2026 2301 2294 2365 famulis
2339 2303 2493 2378 tuis,
2524 2323 2645 2387 per
2686 2304 2829 2367 haec

510 2404 754 2464 nostrae
801 2399 1172 2464 devotionis
1225 2401 1437 2465 officia
1484 2402 1939 2467 indissolubile
1994 2403 2329 2467 vinculum
2381 2406 2702 2482 caritatis,
2750 2411 2830 2469 ut

512 2501 700 2566 nulla
749 2501 1070 2566 divisione
1122 2503 1463 2580 mentium,
1519 2503 1833 2588 nullaque
1895 2506 2354 2589 perversitatis
2405 2508 2731 2573 varietate
2786 2531 2829 2573 a

511 2607 640 2670 fide
672 2606 998 2671 catholica
1029 2613 1550 2691 sequestrentur,
1583 2629 1749 2691 quos
1792 2610 1914 2672 sub
1946 2610 2140 2674 unius
2183 2610 2505 2695 regimine
2534 2611 2829 2695 pastoris

512 2707 668 2772 Filii
720 2709 821 2772 tui
873 2707 1138 2772 Domini
1191 2710 1404 2774 nostri
1456 2731 1629 2774 unus
1682 2731 1849 2795 grex
1894 2704 2206 2788 continet,
2253 2714 2577 2797 uniusque
2633 2714 2830 2778 ovilis

512 2814 702 2894 septa
746 2815 812 2874 te
843 2812 1112 2875 custode
1157 2813 1225 2874 in
1258 2812 1668 2876 confessione
1717 2813 1973 2878 Sanctae
2019 2815 2371 2879 Trinitatis
2402 2816 2828 2882 concludunt.

514 2912 644 2975 Per
673 2911 972 2977 eundem.

620 3029 804 3088 Dicta
850 3031 1118 3102 oratione,
1164 3031 1448 3110 episcopus
1493 3041 1577 3091 ter
1623 3033 1816 3092 baculo
1867 3055 1965 3093 suo
2018 3036 2241 3107 ostium,
2287 3045 2352 3095 ut
2393 3038 2583 3115 princ,
2629 3038 2830 3114 pulset,

513 3124 749 3183 dicendo
788 3125 992 3183 directe
1031 3133 1205 3185 totum
1241 3127 1577 3204 praedictum
1609 3150 1845 3187 versum.
1888 3129 2102 3190 Tollite
2143 3140 2363 3210 portas,
2390 3132 2655 3191 ministro
2695 3153 2831 3210 quo-

514 3242 619 3299 que
645 3221 866 3280 deintus
894 3223 1266 3300 respondente,
1297 3223 1440 3292 Quis
1468 3232 1553 3283 est
1594 3226 1709 3285 iste
1736 3246 1844 3284 rex
1870 3225 2091 3305 gloriae.

602 3318 1010 3399 Episcopus,
1040 3317 1362 3382 Dominus
1394 3325 1631 3405 potens
1662 3320 1731 3383 in
1761 3321 2009 3406 praelio.

599 3418 723 3490 Quo
765 3419 932 3490 dicto,
976 3419 1279 3498 episcopiis
1298 3420 1461 3478 tertio
1501 3421 1752 3499 incipiat
1787 3423 2135 3500 proedictam
2173 3424 2566 3502 antiphonam,
2613 3424 2827 3485 Tollite

515 3523 754 3593 portas3
808 3522 860 3572 et
897 3513 1201 3572 circumeat
1238 3514 1521 3573 ecclesiam
1549 3516 1730 3588 tertio,
1756 3516 2094 3594 praedictum
2108 3519 2397 3596 psalmum
2425 3520 2675 3579 canendo
2701 3542 2832 3579 cum

541 3609 876 3687 antiphona,
908 3609 1230 3687 veniensque
1255 3610 1335 3668 ad
1358 3610 1562 3669 ostium
1589 3611 1762 3670 dicat.

607 3706 908 3771 Oremus.

603 3808 984 3874 Flectamus
1011 3827 1248 3891 genua.
1336 3805 1610 3873 Levate.

612 3911 873 3977 Oratio.
964 3908 1394 3993 Omnipotens
1440 3914 1510 3973 et
1552 3910 1930 3975 misericors
1969 3910 2173 3989 Deus,
2216 3912 2331 3996 qui
2377 3913 2835 3982 sacerdotibus

515 4013 653 4080 tuis
684 4016 941 4078 tantam
985 4032 1118 4096 prae
1149 4012 1403 4076 caeteris
1432 4013 1717 4098 gratiam
1751 4014 2115 4092 contulisti,
2148 4019 2225 4080 ut
2272 4016 2583 4100 quicquid
2615 4004 2683 4080 in
2716 4024 2835 4083 tuo

517 4116 782 4182 nomine
827 4115 1155 4200 digneque
1186 4115 1607 4199 perfecteque
1653 4115 1895 4200 agitur,
1929 4138 1970 4181 a
2011 4123 2079 4182 te
2122 4118 2268 4183 fieri
2299 4119 2627 4196 credatur,
2661 4142 2836 4204 quae-

517 4240 748 4287 sumus
793 4218 1182 4280 immensam
1215 4217 1629 4281 clementiam
1680 4224 1883 4294 tuam,
1920 4225 1994 4282 ut
2027 4220 2332 4304 quicquid
2376 4221 2571 4285 modo
2604 4223 2834 4288 visita-

517 4323 653 4389 turi
712 4339 962 4397 sumus,
1013 4319 1268 4398 visites,
1322 4319 1634 4406 quicquid
1690 4322 2124 4400 benedicturi,
2181 4324 2555 4402 benedicas,
2610 4326 2832 4412 sitque
