<?xml version="1.0" encoding="UTF-8"?>
<!DOCTYPE html PUBLIC "-//W3C//DTD XHTML 1.0 Transitional//EN"
    "http://www.w3.org/TR/xhtml1/DTD/xhtml1-transitional.dtd">
<html xmlns="http://www.w3.org/1999/xhtml" xml:lang="en" lang="en">
 <head>
  <title>
</title>
<meta http-equiv="Content-Type" content="text/html;charset=utf-8" />
  <meta name='ocr-system' content='tesseract 3.04.00' />
  <meta name='ocr-capabilities' content='ocr_page ocr_carea ocr_par ocr_line ocrx_word'/>
</head>
<body>
  <div class='ocr_page' id='page_1' title='image "./liberpontifical00hendgoog_0153.png"; bbox 0 0 3117 5025; ppageno 0'>
   <div class='ocr_carea' id='block_1_1' title="bbox 771 351 2630 435">
    <p class='ocr_par' dir='ltr' id='par_1_1' title="bbox 771 351 2630 435">
     <span class='ocr_line' id='line_1_1' title="bbox 771 351 2630 435; baseline 0.009 -19"><span class='ocrx_word' id='word_1_1' title='bbox 771 351 1269 421; x_wconf 78' lang='lat' dir='ltr'>Reconciliatio</span> <span class='ocrx_word' id='word_1_2' title='bbox 1297 357 1629 424; x_wconf 64' lang='lat' dir='ltr'>Ecclesiae</span> <span class='ocrx_word' id='word_1_3' title='bbox 1655 359 1766 426; x_wconf 84' lang='lat' dir='ltr'>vel</span> <span class='ocrx_word' id='word_1_4' title='bbox 1800 361 2195 430; x_wconf 77' lang='lat' dir='ltr'>C&#39;oemeterii.</span> <span class='ocrx_word' id='word_1_5' title='bbox 2506 369 2630 435; x_wconf 89' lang='grc'>101</span> 
     </span>
    </p>
   </div>
   <div class='ocr_carea' id='block_1_2' title="bbox 300 562 2631 1362">
    <p class='ocr_par' dir='ltr' id='par_1_2' title="bbox 312 562 2631 855">
     <span class='ocr_line' id='line_1_2' title="bbox 312 562 2631 654; baseline 0.006 -30"><span class='ocrx_word' id='word_1_6' title='bbox 312 562 659 647; x_wconf 87' lang='lat' dir='ltr'>suffragio,</span> <span class='ocrx_word' id='word_1_7' title='bbox 687 566 828 629; x_wconf 86' lang='lat' dir='ltr'>tam</span> <span class='ocrx_word' id='word_1_8' title='bbox 873 564 1088 629; x_wconf 88' lang='lat' dir='ltr'>altare</span> <span class='ocrx_word' id='word_1_9' title='bbox 1132 564 1308 650; x_wconf 90' lang='lat' dir='ltr'>quod</span> <span class='ocrx_word' id='word_1_10' title='bbox 1351 586 1579 630; x_wconf 91' lang='lat' dir='ltr'>eorum</span> <span class='ocrx_word' id='word_1_11' title='bbox 1624 573 2006 648; x_wconf 86' lang='lat' dir='ltr'>exornatur,</span> <span class='ocrx_word' id='word_1_12' title='bbox 2036 573 2107 636; x_wconf 88' lang='lat' dir='ltr'>te</span> <span class='ocrx_word' id='word_1_13' title='bbox 2141 569 2446 654; x_wconf 85' lang='lat' dir='ltr'>juvante,</span> <span class='ocrx_word' id='word_1_14' title='bbox 2477 575 2631 639; x_wconf 88' lang='lat' dir='ltr'>reli-</span> 
     </span>
     <span class='ocr_line' id='line_1_3' title="bbox 313 666 2630 753; baseline 0.007 -25"><span class='ocrx_word' id='word_1_15' title='bbox 313 666 512 750; x_wconf 88' lang='lat' dir='ltr'>quiis,</span> <span class='ocrx_word' id='word_1_16' title='bbox 545 687 745 750; x_wconf 85' lang='lat' dir='ltr'>quam</span> <span class='ocrx_word' id='word_1_17' title='bbox 777 666 1128 732; x_wconf 85' lang='lat' dir='ltr'>ecclesiam</span> <span class='ocrx_word' id='word_1_18' title='bbox 1158 672 1362 753; x_wconf 87' lang='lat' dir='ltr'>atque</span> <span class='ocrx_word' id='word_1_19' title='bbox 1390 669 1686 735; x_wconf 90' lang='lat' dir='ltr'>fidelium</span> <span class='ocrx_word' id='word_1_20' title='bbox 1717 674 1987 737; x_wconf 89' lang='lat' dir='ltr'>tuorum</span> <span class='ocrx_word' id='word_1_21' title='bbox 2017 678 2178 739; x_wconf 85' lang='lat' dir='ltr'>vota</span> <span class='ocrx_word' id='word_1_22' title='bbox 2207 675 2630 744; x_wconf 84' lang='lat' dir='ltr'>offerentium</span> 
     </span>
     <span class='ocr_line' id='line_1_4' title="bbox 314 770 1120 855; baseline 0.002 -21"><span class='ocrx_word' id='word_1_23' title='bbox 314 770 679 835; x_wconf 85' lang='lat' dir='ltr'>sanctifica.</span> <span class='ocrx_word' id='word_1_24' title='bbox 770 770 897 855; x_wconf 77' lang='lat' dir='ltr'>Qui</span> <span class='ocrx_word' id='word_1_25' title='bbox 925 771 1120 836; x_wconf 85' lang='lat' dir='ltr'>vivis.</span> 
     </span>
    </p>

    <p class='ocr_par' dir='ltr' id='par_1_3' title="bbox 396 871 2502 952">
     <span class='ocr_line' id='line_1_5' title="bbox 396 871 2502 952; baseline 0.005 -24"><span class='ocrx_word' id='word_1_26' title='bbox 396 871 668 949; x_wconf 76' lang='lat' dir='ltr'><strong><em>Sequitur</em></strong></span> <span class='ocrx_word' id='word_1_27' title='bbox 688 872 1007 945; x_wconf 79' lang='lat' dir='ltr'>benedictio,</span> <span class='ocrx_word' id='word_1_28' title='bbox 1035 873 1248 932; x_wconf 81' lang='lat' dir='ltr'>elevata</span> <span class='ocrx_word' id='word_1_29' title='bbox 1272 894 1452 933; x_wconf 76' lang='lat' dir='ltr'>manu</span> <span class='ocrx_word' id='word_1_30' title='bbox 1466 894 1578 952; x_wconf 81' lang='lat' dir='ltr'>per</span> <span class='ocrx_word' id='word_1_31' title='bbox 1603 875 1831 952; x_wconf 75' lang='lat' dir='ltr'>lonywm</span> <span class='ocrx_word' id='word_1_32' title='bbox 1854 883 1906 935; x_wconf 83' lang='lat' dir='ltr'>et</span> <span class='ocrx_word' id='word_1_33' title='bbox 1932 876 2113 935; x_wconf 77' lang='lat' dir='ltr'>latum</span> <span class='ocrx_word' id='word_1_34' title='bbox 2140 877 2266 949; x_wconf 74' lang='lat' dir='ltr'>loci,</span> <span class='ocrx_word' id='word_1_35' title='bbox 2293 879 2502 939; x_wconf 76' lang='lat' dir='ltr'>dicem.</span> 
     </span>
    </p>

    <p class='ocr_par' dir='ltr' id='par_1_4' title="bbox 300 966 2628 1362">
     <span class='ocr_line' id='line_1_6' title="bbox 396 966 2628 1059; baseline 0.004 -28"><span class='ocrx_word' id='word_1_36' title='bbox 396 966 785 1031; x_wconf 76' lang='lat' dir='ltr'>Benedictio</span> <span class='ocrx_word' id='word_1_37' title='bbox 828 966 957 1031; x_wconf 90' lang='lat' dir='ltr'>Dei</span> <span class='ocrx_word' id='word_1_38' title='bbox 999 968 1080 1049; x_wconf 71' lang='lat'>&gt;1⁴</span> <span class='ocrx_word' id='word_1_39' title='bbox 1109 968 1332 1033; x_wconf 84' lang='lat' dir='ltr'>Patris</span> <span class='ocrx_word' id='word_1_40' title='bbox 1377 969 1855 1054; x_wconf 86' lang='lat' dir='ltr'>omnipotentis</span> <span class='ocrx_word' id='word_1_41' title='bbox 1896 970 2201 1057; x_wconf 86' lang='lat' dir='ltr'>ingeniti,</span> <span class='ocrx_word' id='word_1_42' title='bbox 2235 973 2524 1059; x_wconf 90' lang='lat' dir='ltr'>Filiique</span> <span class='ocrx_word' id='word_1_43' title='bbox 2552 975 2628 1050; x_wconf 72' lang='lat'>*1⁴</span> 
     </span>
     <span class='ocr_line' id='line_1_7' title="bbox 304 1069 2627 1163; baseline 0.004 -29"><span class='ocrx_word' id='word_1_44' title='bbox 304 1070 525 1155; x_wconf 90' lang='lat' dir='ltr'>ipsius</span> <span class='ocrx_word' id='word_1_45' title='bbox 549 1069 903 1155; x_wconf 88' lang='lat' dir='ltr'>unigeniti,</span> <span class='ocrx_word' id='word_1_46' title='bbox 926 1091 1181 1135; x_wconf 82' lang='lat' dir='ltr'>necnon</span> <span class='ocrx_word' id='word_1_47' title='bbox 1215 1070 1444 1136; x_wconf 78' lang='lat' dir='ltr'>Sancti</span> <span class='ocrx_word' id='word_1_48' title='bbox 1466 1070 1539 1145; x_wconf 70' lang='lat'>›1‹</span> <span class='ocrx_word' id='word_1_49' title='bbox 1565 1072 1854 1157; x_wconf 76' lang='lat' dir='ltr'>Spiritus</span> <span class='ocrx_word' id='word_1_50' title='bbox 1876 1074 2195 1140; x_wconf 85' lang='lat' dir='ltr'>Paracliti</span> <span class='ocrx_word' id='word_1_51' title='bbox 2225 1077 2311 1141; x_wconf 85' lang='lat' dir='ltr'>ab</span> <span class='ocrx_word' id='word_1_52' title='bbox 2341 1082 2627 1163; x_wconf 89' lang='lat' dir='ltr'>utroque</span> 
     </span>
     <span class='ocr_line' id='line_1_8' title="bbox 303 1174 2627 1263; baseline 0.005 -27"><span class='ocrx_word' id='word_1_53' title='bbox 303 1174 730 1259; x_wconf 85' lang='lat' dir='ltr'>procedentis</span> <span class='ocrx_word' id='word_1_54' title='bbox 760 1180 1031 1241; x_wconf 84' lang='lat' dir='ltr'>maneat</span> <span class='ocrx_word' id='word_1_55' title='bbox 1069 1174 1327 1260; x_wconf 86' lang='lat' dir='ltr'>jugiter</span> <span class='ocrx_word' id='word_1_56' title='bbox 1357 1195 1559 1260; x_wconf 89' lang='lat' dir='ltr'>super</span> <span class='ocrx_word' id='word_1_57' title='bbox 1599 1175 1950 1241; x_wconf 90' lang='lat' dir='ltr'>ecclesiam</span> <span class='ocrx_word' id='word_1_58' title='bbox 1993 1177 2191 1243; x_wconf 83' lang='lat' dir='ltr'>istam</span> <span class='ocrx_word' id='word_1_59' title='bbox 2220 1180 2369 1263; x_wconf 85' lang='lat' dir='ltr'>(vel</span> <span class='ocrx_word' id='word_1_60' title='bbox 2395 1202 2627 1247; x_wconf 89' lang='lat' dir='ltr'>coeme-</span> 
     </span>
     <span class='ocr_line' id='line_1_9' title="bbox 300 1276 1929 1362; baseline 0.001 -19"><span class='ocrx_word' id='word_1_61' title='bbox 300 1276 553 1343; x_wconf 84' lang='lat' dir='ltr'>terium</span> <span class='ocrx_word' id='word_1_62' title='bbox 580 1277 789 1362; x_wconf 90' lang='lat' dir='ltr'>istud)</span> <span class='ocrx_word' id='word_1_63' title='bbox 821 1278 891 1342; x_wconf 91' lang='lat' dir='ltr'>in</span> <span class='ocrx_word' id='word_1_64' title='bbox 923 1278 1165 1344; x_wconf 80' lang='lat' dir='ltr'>saecula</span> <span class='ocrx_word' id='word_1_65' title='bbox 1196 1279 1606 1344; x_wconf 80' lang='lat' dir='ltr'>saeculorum.</span> <span class='ocrx_word' id='word_1_66' title='bbox 1693 1279 1929 1344; x_wconf 87' lang='lat' dir='ltr'>Amen.</span> 
     </span>
    </p>
   </div>
   <div class='ocr_carea' id='block_1_3' title="bbox 287 1466 2625 3592">
    <p class='ocr_par' dir='ltr' id='par_1_5' title="bbox 394 1466 2295 1548">
     <span class='ocr_line' id='line_1_10' title="bbox 394 1466 2295 1548; baseline 0.004 -20"><span class='ocrx_word' id='word_1_67' title='bbox 394 1466 655 1529; x_wconf 71' lang='lat' dir='ltr'>Postea</span> <span class='ocrx_word' id='word_1_68' title='bbox 684 1468 881 1531; x_wconf 76' lang='lat' dir='ltr'>dieat</span> <span class='ocrx_word' id='word_1_69' title='bbox 908 1468 1574 1548; x_wconf 72' lang='lat' dir='ltr'>epiecopusmieeam</span> <span class='ocrx_word' id='word_1_70' title='bbox 1602 1469 1687 1532; x_wconf 82' lang='lat' dir='ltr'>de</span> <span class='ocrx_word' id='word_1_71' title='bbox 1716 1466 2295 1535; x_wconf 77' lang='lat' dir='ltr'>reconciliatione.</span> 
     </span>
    </p>

    <p class='ocr_par' dir='ltr' id='par_1_6' title="bbox 387 1566 2091 1651">
     <span class='ocr_line' id='line_1_11' title="bbox 387 1566 2091 1651; baseline 0.003 -25"><span class='ocrx_word' id='word_1_72' title='bbox 387 1566 460 1626; x_wconf 73' lang='lat' dir='ltr'>Si</span> <span class='ocrx_word' id='word_1_73' title='bbox 484 1570 858 1627; x_wconf 72' lang='lat' dir='ltr'>coemeterium</span> <span class='ocrx_word' id='word_1_74' title='bbox 881 1570 976 1641; x_wconf 77' lang='lat' dir='ltr'>sit,</span> <span class='ocrx_word' id='word_1_75' title='bbox 1008 1571 1237 1629; x_wconf 80' lang='lat' dir='ltr'>dicatur</span> <span class='ocrx_word' id='word_1_76' title='bbox 1262 1571 1456 1643; x_wconf 69' lang='lat' dir='ltr'>missa,</span> <span class='ocrx_word' id='word_1_77' title='bbox 1483 1570 1767 1651; x_wconf 84' lang='lat' dir='ltr'>Requiem</span> <span class='ocrx_word' id='word_1_78' title='bbox 1793 1588 2091 1632; x_wconf 77' lang='lat' dir='ltr'>aeternam.</span> 
     </span>
    </p>

    <p class='ocr_par' dir='ltr' id='par_1_7' title="bbox 388 1661 1448 1734">
     <span class='ocr_line' id='line_1_12' title="bbox 388 1661 1448 1734; baseline 0.003 -13"><span class='ocrx_word' id='word_1_79' title='bbox 388 1661 460 1721; x_wconf 75' lang='lat' dir='ltr'>Si</span> <span class='ocrx_word' id='word_1_80' title='bbox 485 1665 711 1722; x_wconf 81' lang='lat' dir='ltr'>ecclesia</span> <span class='ocrx_word' id='word_1_81' title='bbox 737 1665 830 1734; x_wconf 80' lang='lat' dir='ltr'>sit,</span> <span class='ocrx_word' id='word_1_82' title='bbox 862 1665 1092 1724; x_wconf 80' lang='lat' dir='ltr'>dicatur</span> <span class='ocrx_word' id='word_1_83' title='bbox 1116 1666 1230 1724; x_wconf 75' lang='lat' dir='ltr'>haec</span> <span class='ocrx_word' id='word_1_84' title='bbox 1255 1667 1448 1725; x_wconf 77' lang='lat' dir='ltr'>missa.</span> 
     </span>
    </p>

    <p class='ocr_par' dir='ltr' id='par_1_8' title="bbox 297 1756 2625 2131">
     <span class='ocr_line' id='line_1_13' title="bbox 392 1756 2625 1845; baseline 0.003 -24"><span class='ocrx_word' id='word_1_85' title='bbox 392 1756 557 1822; x_wconf 83' lang='lat' dir='ltr'>Cum</span> <span class='ocrx_word' id='word_1_86' title='bbox 590 1760 1043 1825; x_wconf 85' lang='lat' dir='ltr'>sanctificatus</span> <span class='ocrx_word' id='word_1_87' title='bbox 1060 1760 1250 1824; x_wconf 88' lang='lat' dir='ltr'>fuero</span> <span class='ocrx_word' id='word_1_88' title='bbox 1280 1760 1351 1823; x_wconf 92' lang='lat' dir='ltr'>in</span> <span class='ocrx_word' id='word_1_89' title='bbox 1380 1759 1571 1825; x_wconf 81' lang='lat' dir='ltr'>vobi-s</span> <span class='ocrx_word' id='word_1_90' title='bbox 1600 1761 2018 1845; x_wconf 80' lang='lat' dir='ltr'>congregabo</span> <span class='ocrx_word' id='word_1_91' title='bbox 2040 1780 2160 1825; x_wconf 86' lang='lat' dir='ltr'>vos</span> <span class='ocrx_word' id='word_1_92' title='bbox 2189 1760 2271 1826; x_wconf 86' lang='lat' dir='ltr'>de</span> <span class='ocrx_word' id='word_1_93' title='bbox 2294 1761 2625 1829; x_wconf 86' lang='lat' dir='ltr'>universis</span> 
     </span>
     <span class='ocr_line' id='line_1_14' title="bbox 299 1862 2618 1949; baseline 0.002 -23"><span class='ocrx_word' id='word_1_94' title='bbox 299 1862 507 1927; x_wconf 83' lang='lat' dir='ltr'>terris</span> <span class='ocrx_word' id='word_1_95' title='bbox 537 1867 608 1928; x_wconf 90' lang='lat' dir='ltr'>et</span> <span class='ocrx_word' id='word_1_96' title='bbox 636 1864 972 1928; x_wconf 86' lang='lat' dir='ltr'>effundam</span> <span class='ocrx_word' id='word_1_97' title='bbox 1004 1884 1207 1949; x_wconf 88' lang='lat' dir='ltr'>super</span> <span class='ocrx_word' id='word_1_98' title='bbox 1249 1884 1370 1928; x_wconf 87' lang='lat' dir='ltr'>vos</span> <span class='ocrx_word' id='word_1_99' title='bbox 1399 1885 1642 1948; x_wconf 90' lang='lat' dir='ltr'>aquam</span> <span class='ocrx_word' id='word_1_100' title='bbox 1686 1864 1999 1928; x_wconf 87' lang='lat' dir='ltr'>mundam</span> <span class='ocrx_word' id='word_1_101' title='bbox 2030 1869 2098 1929; x_wconf 78' lang='lat' dir='ltr'>et</span> <span class='ocrx_word' id='word_1_102' title='bbox 2141 1865 2618 1930; x_wconf 79' lang='lat' dir='ltr'>mundabimini</span> 
     </span>
     <span class='ocr_line' id='line_1_15' title="bbox 297 1965 2614 2052; baseline 0.001 -23"><span class='ocrx_word' id='word_1_103' title='bbox 297 1965 389 2029; x_wconf 89' lang='lat' dir='ltr'>ab</span> <span class='ocrx_word' id='word_1_104' title='bbox 448 1965 753 2031; x_wconf 91' lang='lat' dir='ltr'>omnibus</span> <span class='ocrx_word' id='word_1_105' title='bbox 810 1966 1331 2051; x_wconf 81' lang='lat' dir='ltr'>inquinamentis</span> <span class='ocrx_word' id='word_1_106' title='bbox 1390 1966 1639 2031; x_wconf 85' lang='lat' dir='ltr'>vestris</span> <span class='ocrx_word' id='word_1_107' title='bbox 1697 1969 1769 2031; x_wconf 81' lang='lat' dir='ltr'>et</span> <span class='ocrx_word' id='word_1_108' title='bbox 1825 1965 1996 2031; x_wconf 92' lang='lat' dir='ltr'>dabo</span> <span class='ocrx_word' id='word_1_109' title='bbox 2056 1966 2246 2032; x_wconf 86' lang='lat' dir='ltr'>vobis</span> <span class='ocrx_word' id='word_1_110' title='bbox 2307 1967 2614 2052; x_wconf 87' lang='lat' dir='ltr'>spiritum</span> 
     </span>
     <span class='ocr_line' id='line_1_16' title="bbox 297 2088 570 2131; baseline 0.004 -1"><span class='ocrx_word' id='word_1_111' title='bbox 297 2088 570 2131; x_wconf 83' lang='lat' dir='ltr'>novum.</span> 
     </span>
    </p>

    <p class='ocr_par' dir='ltr' id='par_1_9' title="bbox 385 2168 1515 2252">
     <span class='ocr_line' id='line_1_17' title="bbox 385 2168 1515 2252; baseline 0.002 -19"><span class='ocrx_word' id='word_1_112' title='bbox 385 2171 477 2234; x_wconf 82' lang='lat' dir='ltr'>In</span> <span class='ocrx_word' id='word_1_113' title='bbox 509 2180 802 2251; x_wconf 78' lang='lat' dir='ltr'>tempore</span> <span class='ocrx_word' id='word_1_114' title='bbox 833 2170 1187 2252; x_wconf 71' lang='lat' dir='ltr'>Paschali,</span> <span class='ocrx_word' id='word_1_115' title='bbox 1220 2168 1515 2235; x_wconf 86' lang='lat' dir='ltr'>alleluia.</span> 
     </span>
    </p>

    <p class='ocr_par' dir='ltr' id='par_1_10' title="bbox 292 2271 2615 2461">
     <span class='ocr_line' id='line_1_18' title="bbox 385 2271 2615 2356; baseline 0.001 -19"><span class='ocrx_word' id='word_1_116' title='bbox 385 2274 504 2338; x_wconf 73' lang='lat' dir='ltr'>Pe.</span> <span class='ocrx_word' id='word_1_117' title='bbox 592 2273 988 2339; x_wconf 90' lang='lat' dir='ltr'>Benedicam</span> <span class='ocrx_word' id='word_1_118' title='bbox 1031 2273 1388 2339; x_wconf 90' lang='lat' dir='ltr'>Dominum</span> <span class='ocrx_word' id='word_1_119' title='bbox 1438 2272 1508 2336; x_wconf 92' lang='lat' dir='ltr'>in</span> <span class='ocrx_word' id='word_1_120' title='bbox 1558 2271 1737 2337; x_wconf 90' lang='lat' dir='ltr'>omni</span> <span class='ocrx_word' id='word_1_121' title='bbox 1788 2276 2108 2356; x_wconf 87' lang='lat' dir='ltr'>tempore,</span> <span class='ocrx_word' id='word_1_122' title='bbox 2151 2291 2414 2356; x_wconf 80' lang='lat' dir='ltr'>semper</span> <span class='ocrx_word' id='word_1_123' title='bbox 2464 2272 2615 2339; x_wconf 90' lang='lat' dir='ltr'>laus</span> 
     </span>
     <span class='ocr_line' id='line_1_19' title="bbox 292 2376 887 2461; baseline 0.003 -21"><span class='ocrx_word' id='word_1_124' title='bbox 292 2376 444 2461; x_wconf 87' lang='lat' dir='ltr'>ejus</span> <span class='ocrx_word' id='word_1_125' title='bbox 474 2378 542 2441; x_wconf 90' lang='lat' dir='ltr'>in</span> <span class='ocrx_word' id='word_1_126' title='bbox 575 2399 688 2442; x_wconf 86' lang='lat' dir='ltr'>ore</span> <span class='ocrx_word' id='word_1_127' title='bbox 719 2398 887 2442; x_wconf 93' lang='lat' dir='ltr'>meo.</span> 
     </span>
    </p>

    <p class='ocr_par' dir='ltr' id='par_1_11' title="bbox 287 2475 2614 2978">
     <span class='ocr_line' id='line_1_20' title="bbox 389 2475 2614 2566; baseline -0 -20"><span class='ocrx_word' id='word_1_128' title='bbox 389 2481 653 2546; x_wconf 76' lang='lat' dir='ltr'>Oratio.</span> <span class='ocrx_word' id='word_1_129' title='bbox 742 2480 947 2558; x_wconf 91' lang='lat' dir='ltr'>Deus,</span> <span class='ocrx_word' id='word_1_130' title='bbox 1009 2480 1125 2566; x_wconf 90' lang='lat' dir='ltr'>qui</span> <span class='ocrx_word' id='word_1_131' title='bbox 1182 2478 1435 2557; x_wconf 85' lang='lat' dir='ltr'>dixisti,</span> <span class='ocrx_word' id='word_1_132' title='bbox 1494 2477 1731 2544; x_wconf 92' lang='lat' dir='ltr'>domus</span> <span class='ocrx_word' id='word_1_133' title='bbox 1788 2498 1940 2544; x_wconf 87' lang='lat' dir='ltr'>mea</span> <span class='ocrx_word' id='word_1_134' title='bbox 1997 2475 2232 2542; x_wconf 91' lang='lat' dir='ltr'>domus</span> <span class='ocrx_word' id='word_1_135' title='bbox 2291 2477 2614 2545; x_wconf 87' lang='lat' dir='ltr'>orationis</span> 
     </span>
     <span class='ocr_line' id='line_1_21' title="bbox 287 2583 2610 2661; baseline 0 -13"><span class='ocrx_word' id='word_1_136' title='bbox 287 2585 659 2661; x_wconf 85' lang='lat' dir='ltr'>vocabitur,</span> <span class='ocrx_word' id='word_1_137' title='bbox 705 2584 971 2649; x_wconf 92' lang='lat' dir='ltr'>domum</span> <span class='ocrx_word' id='word_1_138' title='bbox 1022 2585 1226 2649; x_wconf 89' lang='lat' dir='ltr'>istam</span> <span class='ocrx_word' id='word_1_139' title='bbox 1270 2583 1509 2648; x_wconf 88' lang='lat' dir='ltr'>alienis</span> <span class='ocrx_word' id='word_1_140' title='bbox 1562 2583 2039 2648; x_wconf 79' lang='lat' dir='ltr'>offensionibus</span> <span class='ocrx_word' id='word_1_141' title='bbox 2091 2584 2610 2649; x_wconf 79' lang='lat' dir='ltr'>contaminatam</span> 
     </span>
     <span class='ocr_line' id='line_1_22' title="bbox 290 2685 2613 2771; baseline 0 -21"><span class='ocrx_word' id='word_1_142' title='bbox 290 2688 616 2753; x_wconf 85' lang='lat' dir='ltr'>mundare</span> <span class='ocrx_word' id='word_1_143' title='bbox 647 2692 718 2752; x_wconf 88' lang='lat' dir='ltr'>et</span> <span class='ocrx_word' id='word_1_144' title='bbox 748 2687 1161 2752; x_wconf 87' lang='lat' dir='ltr'>sanctificare</span> <span class='ocrx_word' id='word_1_145' title='bbox 1191 2685 1506 2771; x_wconf 87' lang='lat' dir='ltr'>digneris,</span> <span class='ocrx_word' id='word_1_146' title='bbox 1538 2691 1618 2751; x_wconf 87' lang='lat' dir='ltr'>ut</span> <span class='ocrx_word' id='word_1_147' title='bbox 1660 2685 1951 2750; x_wconf 90' lang='lat' dir='ltr'>omnium</span> <span class='ocrx_word' id='word_1_148' title='bbox 1983 2705 2213 2769; x_wconf 86' lang='lat' dir='ltr'>preces</span> <span class='ocrx_word' id='word_1_149' title='bbox 2244 2689 2314 2749; x_wconf 94' lang='lat' dir='ltr'>et</span> <span class='ocrx_word' id='word_1_150' title='bbox 2357 2693 2515 2751; x_wconf 83' lang='lat' dir='ltr'>vota</span> <span class='ocrx_word' id='word_1_151' title='bbox 2543 2687 2613 2750; x_wconf 91' lang='lat' dir='ltr'>in</span> 
     </span>
     <span class='ocr_line' id='line_1_23' title="bbox 287 2788 2611 2875; baseline 0 -22"><span class='ocrx_word' id='word_1_152' title='bbox 287 2791 417 2854; x_wconf 92' lang='lat' dir='ltr'>hoc</span> <span class='ocrx_word' id='word_1_153' title='bbox 468 2790 615 2854; x_wconf 92' lang='lat' dir='ltr'>loco</span> <span class='ocrx_word' id='word_1_154' title='bbox 674 2790 760 2855; x_wconf 90' lang='lat' dir='ltr'>ad</span> <span class='ocrx_word' id='word_1_155' title='bbox 809 2796 879 2855; x_wconf 89' lang='lat' dir='ltr'>te</span> <span class='ocrx_word' id='word_1_156' title='bbox 931 2789 1360 2855; x_wconf 89' lang='lat' dir='ltr'>clamantium</span> <span class='ocrx_word' id='word_1_157' title='bbox 1413 2789 1780 2854; x_wconf 86' lang='lat' dir='ltr'>clementer</span> <span class='ocrx_word' id='word_1_158' title='bbox 1828 2788 2148 2852; x_wconf 87' lang='lat' dir='ltr'>exaudias</span> <span class='ocrx_word' id='word_1_159' title='bbox 2199 2793 2270 2853; x_wconf 93' lang='lat' dir='ltr'>et</span> <span class='ocrx_word' id='word_1_160' title='bbox 2325 2789 2611 2875; x_wconf 84' lang='lat' dir='ltr'>benigne</span> 
     </span>
     <span class='ocr_line' id='line_1_24' title="bbox 288 2891 1238 2978; baseline 0.001 -23"><span class='ocrx_word' id='word_1_161' title='bbox 288 2893 616 2978; x_wconf 84' lang='lat' dir='ltr'>perficias.</span> <span class='ocrx_word' id='word_1_162' title='bbox 706 2893 837 2956; x_wconf 86' lang='lat' dir='ltr'>Per</span> <span class='ocrx_word' id='word_1_163' title='bbox 863 2891 1238 2956; x_wconf 90' lang='lat' dir='ltr'>Dominum.</span> 
     </span>
    </p>

    <p class='ocr_par' dir='ltr' id='par_1_12' title="bbox 375 2991 2604 3080">
     <span class='ocr_line' id='line_1_25' title="bbox 375 2991 2604 3080; baseline -0 -21"><span class='ocrx_word' id='word_1_164' title='bbox 375 2994 726 3077; x_wconf 70' lang='lat' dir='ltr'>Epistola.</span> <span class='ocrx_word' id='word_1_165' title='bbox 816 2995 989 3059; x_wconf 91' lang='lat' dir='ltr'>Ecce</span> <span class='ocrx_word' id='word_1_166' title='bbox 1019 3015 1146 3079; x_wconf 89' lang='lat' dir='ltr'>ego</span> <span class='ocrx_word' id='word_1_167' title='bbox 1175 2993 1218 3058; x_wconf 91' lang='lat' dir='ltr'><strong>J</strong></span> <span class='ocrx_word' id='word_1_168' title='bbox 1221 2996 1541 3059; x_wconf 89' lang='lat' dir='ltr'>ohannes.</span> <span class='ocrx_word' id='word_1_169' title='bbox 2103 2991 2336 3078; x_wconf 91' lang='lat' dir='ltr'>[Apoc.</span> <span class='ocrx_word' id='word_1_170' title='bbox 2367 2993 2502 3058; x_wconf 83' lang='lat' dir='ltr'>xxi.</span> <span class='ocrx_word' id='word_1_171' title='bbox 2534 2994 2604 3080; x_wconf 85' lang='lat'>2]</span> 
     </span>
    </p>

    <p class='ocr_par' dir='ltr' id='par_1_13' title="bbox 290 3095 2606 3282">
     <span class='ocr_line' id='line_1_26' title="bbox 381 3095 2606 3181; baseline -0 -20"><span class='ocrx_word' id='word_1_172' title='bbox 381 3098 710 3162; x_wconf 74' lang='lat' dir='ltr'>Gradale.</span> <span class='ocrx_word' id='word_1_173' title='bbox 799 3097 1043 3162; x_wconf 83' lang='lat' dir='ltr'>Tollite</span> <span class='ocrx_word' id='word_1_174' title='bbox 1075 3096 1335 3161; x_wconf 86' lang='lat' dir='ltr'>hostias</span> <span class='ocrx_word' id='word_1_175' title='bbox 1365 3100 1436 3160; x_wconf 91' lang='lat' dir='ltr'>et</span> <span class='ocrx_word' id='word_1_176' title='bbox 1477 3095 1751 3161; x_wconf 90' lang='lat' dir='ltr'>introite</span> <span class='ocrx_word' id='word_1_177' title='bbox 1782 3096 1851 3159; x_wconf 92' lang='lat' dir='ltr'>in</span> <span class='ocrx_word' id='word_1_178' title='bbox 1882 3095 2058 3161; x_wconf 84' lang='lat' dir='ltr'>atria</span> <span class='ocrx_word' id='word_1_179' title='bbox 2097 3096 2285 3181; x_wconf 86' lang='lat' dir='ltr'>ejus:</span> <span class='ocrx_word' id='word_1_180' title='bbox 2330 3095 2606 3161; x_wconf 86' lang='lat' dir='ltr'>adorate</span> 
     </span>
     <span class='ocr_line' id='line_1_27' title="bbox 290 3197 1401 3282; baseline -0.002 -19"><span class='ocrx_word' id='word_1_181' title='bbox 290 3198 647 3264; x_wconf 90' lang='lat' dir='ltr'>Dominum</span> <span class='ocrx_word' id='word_1_182' title='bbox 677 3199 747 3262; x_wconf 89' lang='lat' dir='ltr'>in</span> <span class='ocrx_word' id='word_1_183' title='bbox 779 3200 937 3264; x_wconf 89' lang='lat' dir='ltr'>aula</span> <span class='ocrx_word' id='word_1_184' title='bbox 967 3204 1202 3264; x_wconf 89' lang='lat' dir='ltr'>sancta</span> <span class='ocrx_word' id='word_1_185' title='bbox 1232 3197 1401 3282; x_wconf 89' lang='lat' dir='ltr'>ejus.</span> 
     </span>
    </p>

    <p class='ocr_par' dir='ltr' id='par_1_14' title="bbox 288 3296 2607 3491">
     <span class='ocr_line' id='line_1_28' title="bbox 387 3296 2607 3384; baseline -0.001 -20"><span class='ocrx_word' id='word_1_186' title='bbox 387 3302 465 3366; x_wconf 90' lang='lat' dir='ltr'>V.</span> <span class='ocrx_word' id='word_1_187' title='bbox 553 3301 907 3367; x_wconf 85' lang='lat' dir='ltr'>Revelavit</span> <span class='ocrx_word' id='word_1_188' title='bbox 944 3302 1270 3367; x_wconf 91' lang='lat' dir='ltr'>Dominus</span> <span class='ocrx_word' id='word_1_189' title='bbox 1314 3301 1650 3366; x_wconf 86' lang='lat' dir='ltr'>condensa</span> <span class='ocrx_word' id='word_1_190' title='bbox 1692 3299 1859 3365; x_wconf 91' lang='lat' dir='ltr'>etin</span> <span class='ocrx_word' id='word_1_191' title='bbox 1901 3296 2153 3384; x_wconf 88' lang='lat' dir='ltr'>templo</span> <span class='ocrx_word' id='word_1_192' title='bbox 2199 3296 2347 3380; x_wconf 89' lang='lat' dir='ltr'>ejus</span> <span class='ocrx_word' id='word_1_193' title='bbox 2377 3317 2607 3362; x_wconf 89' lang='lat' dir='ltr'>omnes</span> 
     </span>
     <span class='ocr_line' id='line_1_29' title="bbox 288 3405 846 3491; baseline 0.004 -22"><span class='ocrx_word' id='word_1_194' title='bbox 288 3406 512 3472; x_wconf 81' lang='lat' dir='ltr'>dicent</span> <span class='ocrx_word' id='word_1_195' title='bbox 539 3405 846 3491; x_wconf 86' lang='lat' dir='ltr'>gloriam.</span> 
     </span>
    </p>

    <p class='ocr_par' dir='ltr' id='par_1_15' title="bbox 375 3504 2607 3592">
     <span class='ocr_line' id='line_1_30' title="bbox 375 3504 2607 3592; baseline -0.004 -14"><span class='ocrx_word' id='word_1_196' title='bbox 375 3512 691 3578; x_wconf 84' lang='lat' dir='ltr'>Alleluia.</span> <span class='ocrx_word' id='word_1_197' title='bbox 792 3510 870 3574; x_wconf 87' lang='lat' dir='ltr'>V.</span> <span class='ocrx_word' id='word_1_198' title='bbox 958 3509 1270 3574; x_wconf 91' lang='lat' dir='ltr'>Adorabo</span> <span class='ocrx_word' id='word_1_199' title='bbox 1300 3507 1387 3572; x_wconf 88' lang='lat' dir='ltr'>ad</span> <span class='ocrx_word' id='word_1_200' title='bbox 1429 3504 1753 3592; x_wconf 87' lang='lat' dir='ltr'>templum</span> <span class='ocrx_word' id='word_1_201' title='bbox 1784 3508 2088 3570; x_wconf 91' lang='lat' dir='ltr'>sanctum</span> <span class='ocrx_word' id='word_1_202' title='bbox 2117 3507 2307 3569; x_wconf 89' lang='lat' dir='ltr'>tuum</span> <span class='ocrx_word' id='word_1_203' title='bbox 2353 3507 2425 3569; x_wconf 84' lang='lat' dir='ltr'>et</span> <span class='ocrx_word' id='word_1_204' title='bbox 2452 3524 2607 3569; x_wconf 88' lang='lat' dir='ltr'>con-</span> 
     </span>
    </p>
   </div>
   <div class='ocr_carea' id='block_1_4' title="bbox 280 3613 2603 4000">
    <p class='ocr_par' dir='ltr' id='par_1_16' title="bbox 283 3613 974 3680">
     <span class='ocr_line' id='line_1_31' title="bbox 283 3613 974 3680; baseline -0.004 -2"><span class='ocrx_word' id='word_1_205' title='bbox 283 3615 525 3680; x_wconf 82' lang='lat' dir='ltr'>fitebor</span> <span class='ocrx_word' id='word_1_206' title='bbox 552 3613 806 3678; x_wconf 89' lang='lat' dir='ltr'>nomini</span> <span class='ocrx_word' id='word_1_207' title='bbox 836 3616 974 3676; x_wconf 87' lang='lat' dir='ltr'>tuo.</span> 
     </span>
    </p>

    <p class='ocr_par' dir='ltr' id='par_1_17' title="bbox 363 3711 1929 3793">
     <span class='ocr_line' id='line_1_32' title="bbox 363 3711 1929 3793; baseline -0.006 -14"><span class='ocrx_word' id='word_1_208' title='bbox 363 3717 437 3779; x_wconf 80' lang='lat' dir='ltr'>Si</span> <span class='ocrx_word' id='word_1_209' title='bbox 461 3716 622 3793; x_wconf 77' lang='lat' dir='ltr'>infra</span> <span class='ocrx_word' id='word_1_210' title='bbox 648 3712 1133 3793; x_wconf 73' lang='lat' dir='ltr'>Septuaqesimam</span> <span class='ocrx_word' id='word_1_211' title='bbox 1159 3711 1417 3783; x_wconf 74' lang='lat' dir='ltr'>evenerit,</span> <span class='ocrx_word' id='word_1_212' title='bbox 1445 3711 1675 3770; x_wconf 77' lang='lat' dir='ltr'>dicatur</span> <span class='ocrx_word' id='word_1_213' title='bbox 1700 3717 1929 3770; x_wconf 75' lang='lat' dir='ltr'>tractus.</span> 
     </span>
    </p>

    <p class='ocr_par' dir='ltr' id='par_1_18' title="bbox 280 3803 2603 4000">
     <span class='ocr_line' id='line_1_33' title="bbox 370 3803 2601 3892; baseline -0.004 -15"><span class='ocrx_word' id='word_1_214' title='bbox 370 3812 676 3877; x_wconf 88' lang='lat' dir='ltr'>Laudate</span> <span class='ocrx_word' id='word_1_215' title='bbox 705 3809 1083 3885; x_wconf 91' lang='lat' dir='ltr'>Dominum,</span> <span class='ocrx_word' id='word_1_216' title='bbox 1116 3827 1343 3872; x_wconf 92' lang='lat' dir='ltr'>omnes</span> <span class='ocrx_word' id='word_1_217' title='bbox 1373 3810 1633 3892; x_wconf 88' lang='lat' dir='ltr'>gentes,</span> <span class='ocrx_word' id='word_1_218' title='bbox 1665 3811 1736 3871; x_wconf 87' lang='lat' dir='ltr'>et</span> <span class='ocrx_word' id='word_1_219' title='bbox 1764 3803 2138 3870; x_wconf 90' lang='lat' dir='ltr'>collaudate</span> <span class='ocrx_word' id='word_1_220' title='bbox 2170 3824 2340 3882; x_wconf 90' lang='lat' dir='ltr'>eum,</span> <span class='ocrx_word' id='word_1_221' title='bbox 2373 3825 2601 3869; x_wconf 89' lang='lat' dir='ltr'>omnes</span> 
     </span>
     <span class='ocr_line' id='line_1_34' title="bbox 280 3906 2603 4000; baseline -0.003 -22"><span class='ocrx_word' id='word_1_222' title='bbox 280 3914 532 4000; x_wconf 89' lang='lat' dir='ltr'>populi,</span> <span class='ocrx_word' id='word_1_223' title='bbox 564 3912 875 3998; x_wconf 91' lang='lat' dir='ltr'>quoniam</span> <span class='ocrx_word' id='word_1_224' title='bbox 905 3911 1295 3976; x_wconf 82' lang='lat' dir='ltr'>confirmata</span> <span class='ocrx_word' id='word_1_225' title='bbox 1324 3914 1429 3974; x_wconf 86' lang='lat' dir='ltr'>est</span> <span class='ocrx_word' id='word_1_226' title='bbox 1459 3929 1659 3992; x_wconf 88' lang='lat' dir='ltr'>super</span> <span class='ocrx_word' id='word_1_227' title='bbox 1702 3929 1826 3973; x_wconf 89' lang='lat' dir='ltr'>nos</span> <span class='ocrx_word' id='word_1_228' title='bbox 1855 3906 2308 3973; x_wconf 85' lang='lat' dir='ltr'>misericordia</span> <span class='ocrx_word' id='word_1_229' title='bbox 2338 3908 2505 3990; x_wconf 86' lang='lat' dir='ltr'>ejus,</span> <span class='ocrx_word' id='word_1_230' title='bbox 2535 3914 2603 3972; x_wconf 86' lang='lat' dir='ltr'>et</span> 
     </span>
    </p>
   </div>
   <div class='ocr_carea' id='block_1_5' title="bbox 279 4012 1559 4086">
    <p class='ocr_par' dir='ltr' id='par_1_19' title="bbox 279 4012 1559 4086">
     <span class='ocr_line' id='line_1_35' title="bbox 279 4012 1559 4086; baseline -0.01 0"><span class='ocrx_word' id='word_1_231' title='bbox 279 4019 534 4086; x_wconf 86' lang='lat' dir='ltr'>veritas</span> <span class='ocrx_word' id='word_1_232' title='bbox 563 4014 835 4082; x_wconf 89' lang='lat' dir='ltr'>Domini</span> <span class='ocrx_word' id='word_1_233' title='bbox 863 4017 1093 4078; x_wconf 87' lang='lat' dir='ltr'>manet</span> <span class='ocrx_word' id='word_1_234' title='bbox 1118 4012 1190 4075; x_wconf 90' lang='lat' dir='ltr'>in</span> <span class='ocrx_word' id='word_1_235' title='bbox 1221 4014 1559 4075; x_wconf 77' lang='lat' dir='ltr'>aeternum.</span> 
     </span>
    </p>
   </div>
  </div>
 </body>
</html>
