3117 5025
1042 311 1554 418 benedictiones
1602 355 1851 418 Vare‘oe.
2483 355 2611 418 305

1389 630 1482 702 ΙΙ.

430 812 981 884 BENEDICTIO
1032 816 1491 919 AMPULLAE
1539 817 1750 882 SIVE
1794 818 2469 885 AMPULLARUM.

377 986 656 1052 Domine
702 989 888 1054 Deus
940 991 1380 1075 omnipotens,
1428 990 1722 1055 omnium
1776 990 2319 1055 benedictionum
2375 992 2608 1077 largus

288 1088 567 1165 infusor,
614 1112 655 1155 a
712 1114 842 1176 quo
890 1099 962 1157 et
1013 1092 1227 1156 omnis
1268 1091 1656 1156 'benedictio
1702 1093 2039 1178 procedit3
2085 1099 2154 1157 te
2210 1114 2606 1176 quaesumus,

289 1192 592 1278 largiflue
652 1196 1031 1273 miserator,
1086 1202 1163 1261 ut
1213 1217 1417 1281 super
1477 1197 1604 1259 hoc
1660 1195 2009 1260 vasculum
2070 1197 2608 1261 benedictionum

287 1302 554 1359 tuarum
589 1297 1182 1362 sanctificationem
1214 1298 1550 1374 infundas,
1584 1300 1651 1361 in
1686 1320 1817 1382 quo
1850 1299 1935 1363 ad
1966 1300 2369 1363 recreandos
2401 1320 2610 1362 novos

289 1406 533 1463 sanctae
580 1400 873 1465 ecclesiae
916 1407 1045 1465 tuae
1076 1401 1253 1465 filios
1304 1402 1664 1465 exorcizati
1699 1401 1830 1465 olei
1878 1402 2205 1485 liquorem
2237 1408 2358 1466 tua
2390 1403 2608 1487 opitu-

287 1499 472 1564 lante
501 1503 726 1588 gratia
768 1503 1117 1566 infundere
1165 1504 1627 1588 disponimus;
1678 1508 1747 1568 et
1792 1510 2054 1587 praesta,
2089 1505 2608 1568 clementissime

173 1631 178 1640 ·
287 1602 508 1679 Pater,
579 1625 696 1689 per
768 1605 1204 1690 Unigenitum
1281 1613 1473 1671 tuum
1553 1607 1914 1670 Dominum
1991 1612 2297 1670 nostrum
2372 1607 2604 1670 Jesum

287 1703 649 1784 Christum,
694 1730 939 1793 perque
985 1709 1261 1773 Flamen
1312 1716 1617 1775 sanctum
1664 1710 1955 1794 quod‘in
1997 1709 2360 1795 primordio
2407 1731 2605 1792 super

285 1830 498 1893 aquas
543 1810 904 1888 ferebatur,
936 1819 1013 1876 ut
1055 1814 1429 1898 quicunque
1477 1834 1558 1876 ex
1608 1814 1735 1877 hac
1768 1813 2076 1877 sacrandi
2118 1811 2249 1875 olei
2296 1812 2606 1875 unctione

283 1913 451 1975 tacti
512 1913 619 1976 vel
689 1916 1127 2000 consignandi
1193 1915 1445 1979 fuerint
1527 1916 2016 1979 benedictionis
2087 1922 2216 1979 tuae
2296 1915 2602 1998 praesidio

284 2015 692 2079 muniantur.
801 2017 1157 2081 Praesentis
1209 2038 1471 2103 quoque
1526 2017 1680 2080 vitae
1738 2018 2185 2100 prosperitate
2241 2016 2598 2099 gaudeant,

285 2137 559 2199 corpore
591 2125 661 2181 et
692 2119 913 2181 animo
952 2119 1211 2204 jugiter
1242 2121 1312 2181 in
1345 2128 1412 2182 te
1448 2119 1753 2183 valentes
1790 2118 2081 2203 vigeant,
2106 2140 2184 2182 ac
2215 2125 2368 2201 post
2399 2120 2602 2202 hujus

293 2222 439 2285 vitae
470 2221 759 2286 labentis
804 2230 1109 2306 tempora
1139 2245 1287 2287 cum
1335 2222 1588 2287 sanctis
1621 2223 1758 2287 tuis
1803 2222 2053 2306 gaudia
2083 2222 2364 2305 adipisci
2395 2244 2606 2285 mere-

289 2330 489 2387 antur
537 2324 963 2409 sempiterna,
1006 2346 1127 2408 per
1179 2324 1424 2389 Filium
1479 2330 1667 2388 tuum
1710 2323 2067 2388 Dominum
2122 2330 2444 2400 nostrum,
2492 2326 2604 2408 qui

288 2434 608 2492 venturus
639 2434 746 2493 est
767 2427 1071 2512 judicare
1105 2428 1294 2492 vivos
1325 2450 1404 2493 ac
1428 2435 1730 2493 mortuos
1763 2434 1832 2492 et
1866 2428 2175 2493 saeculum
2211 2450 2330 2513 per
2360 2429 2601 2514 ignem.

1379 2632 1503 2696 111.

866 2784 1417 2850 BENEDIOTIO
1462 2784 1846 2849 ANNULI.

376 2974 654 3039 Creator
685 2982 752 3038 et
784 2977 1219 3057 conservator
1249 2972 1521 3036 humani
1558 2970 1854 3056 generis,
1885 2970 2083 3034 dator
2113 2971 2346 3054 gratiae
2379 2972 2602 3056 spirit-

282 3078 433 3154 alis,
493 3078 780 3163 largitor
846 3082 1106 3141 aeternae
1178 3074 1442 3151 salutis,
1506 3080 1607 3150 tu,
1668 3073 1975 3150 Domine,
2037 3073 2354 3156 permitte
2416 3080 2596 3139 tuam

286 3180 891 3266 beneffidictionem
914 3198 1115 3261 super
1136 3178 1311 3241 hunc
1336 3176 1686 3252 annulum,
1712 3181 1789 3239 ut
1820 3176 2195 3258 quicunque
2228 3177 2353 3239 hoc
2378 3197 2596 3240 sacro·

284 3292 529 3349 sanctae
595 3284 748 3346 fidei
811 3283 1002 3366 signo
1071 3280 1430 3364 insignitus
1497 3278 1783 3352 incedat,
1847 3278 1912 3339 in
1985 3277 2233 3340 virtute
2303 3278 2589 3342 coelestis

284 3386 689 3451 defensionis
722 3386 806 3450 ad
837 3391 1150 3449 aeternam
1184 3384 1387 3447 vitam
1422 3380 1543 3445 tibi
1580 3380 1902 3464 proficiat.
1996 3379 2124 3442 Per
2155 3379 2531 3443 Dominum.

1370 3583 1471 3645 IV

965 3752 1517 3820 BENEDICTIO
1565 3751 1920 3816 BAGULI.

376 3946 579 4021 Deus,
629 3945 771 4007 sine
816 3965 946 4027 quo
994 3940 1158 4004 nihil
1207 3944 1434 4024 potest
1476 3938 1775 4001 benedici
1832 3937 1934 3999 vel
1983 3938 2375 4014 consecrari,
2424 3940 2597 4004 hunc

288 4050 597 4114 baculum
645 4048 1032 4111 benedicere
1079 4045 1377 4128 dignare,
1412 4049 1484 4105 ut
1531 4041 2052 4124 quotiescunque
2088 4040 2374 4105 famulus
2420 4049 2599 4118 tuus,

290 4153 479 4216 illum
525 4150 851 4236 gestando
898 4158 968 4212 et
998 4152 1065 4212 te
1098 4149 1166 4210 in
1199 4147 1397 4210 corde
1444 4144 1734 4209 tenendo
1780 4163 1900 4227 per
1943 4143 2120 4206 hunc
2167 4151 2601 4224 sustentetur,

289 4261 357 4320 et
389 4260 518 4318 tuae
550 4251 1111 4335 beneffldictionis
1145 4250 1453 4312 ubertate
1486 4246 1848 4330 repleatur.
1942 4244 2070 4307 Per
2100 4245 2474 4310 Dominum.

470 4357 661 4419 Pont.
695 4357 778 4418 38
