3117 5025
495 410 629 476 282
806 411 895 475 In
934 412 1464 476 Consecratione
1499 410 1785 495 Reqinae
1812 405 2144 472 Matildae
2171 403 2490 468 Litania.

921 618 1114 685 Chor.
1206 616 1521 682 Christus
1552 614 1783 680 vincit.
1841 612 2153 679 Christus
2183 614 2449 695 regnat.
2505 607 2820 673 Christus

1224 720 1532 805 imperat.

924 826 1120 888 Cant.
1379 823 1546 888 Vita
1578 826 1650 887 et
1682 820 1868 887 salus
1900 825 2156 885 nostra.

936 924 1132 990 Cant.
1212 926 1354 1010 Ipsi
1416 924 1544 988 soli
1605 925 1821 988 honor
1852 971 1868 989 .
1906 973 1920 988 .
1959 971 1973 986 .
2006 967 2028 988 .
2060 942 2184 1007 per
2242 918 2512 984 infinita
2573 914 2820 981 saecula

1224 1027 1639 1092 saeculorum.

923 1131 1123 1198 Chor.
1387 1131 1529 1216 Ipsi
1558 1129 1802 1214 gloria.

923 1233 1119 1298 Cant.
1209 1233 1349 1318 Ipsi
1412 1231 1539 1296 soli
1603 1232 1806 1295 decus
1867 1236 1939 1295 et
1999 1233 2309 1315 potestas
2369 1231 2442 1292 et
2499 1273 2514 1289 .
2562 1271 2578 1289 .
2626 1272 2640 1289 .
2696 1243 2821 1309 per

1224 1335 1486 1400 infinita
1518 1333 1762 1399 saecula
1794 1332 2209 1398 saeculorum.

924 1438 1120 1503 Chor.
1382 1439 1527 1523 Ipsi
1556 1437 1802 1523 gloria.

920 1542 1119 1605 Cant.
1210 1539 1355 1625 Ipsi
1408 1539 1653 1624 gloria,
1708 1538 1860 1603 laus
1914 1542 1984 1602 et
2005 1536 2329 1621 jubilatio
2382 1556 2504 1619 per
2554 1532 2824 1597 infinita

496 1640 741 1707 saecula
772 1642 1225 1707 saeculorum*

585 1744 945 1809 Benedicat
1003 1765 1126 1808 nos
1188 1745 1416 1810 divina
1481 1744 1805 1828 majestas
1866 1743 2152 1807 Domini.
2275 1740 2639 1806 Benedicat
2693 1759 2823 1803 nos

497 1845 789 1930 Spiritus
823 1845 1111 1912 Sanctus
1135 1848 1247 1932 qui
1278 1849 1347 1912 in
1382 1849 1601 1934 specie
1629 1848 1943 1912 columbae
1968 1847 2036 1910 in
2066 1846 2110 1910 J
2113 1845 2357 1910 ordane
2387 1845 2590 1908 fluvio
2616 1864 2823 1928 super

494 1947 837 2013 Christum
862 1951 1215 2033 requievit.
1304 1950 1432 2014 Ille
1458 1972 1583 2015 nos
1613 1950 1965 2015 benedicat
1989 1949 2208 2034 quide
2234 1949 2394 2012 coelo
2421 1947 2827 2012 descendere

492 2050 811 2136 dignatus
843 2058 948 2116 est
978 2053 1046 2116 in
1076 2059 1329 2118 terram
1362 2059 1431 2119 et
1460 2054 1542 2119 de
1587 2074 1707 2118 suo
1741 2058 1973 2117 sancto
2007 2053 2333 2137 sanguine
2364 2073 2486 2115 nos
2515 2051 2826 2116 redemit.

501 2153 868 2220 Benedicat
891 2155 1214 2221 Dominus
1237 2157 1686 2222 sacerdotium
1709 2162 2013 2221 nostrum
2041 2161 2110 2221 et
2133 2157 2480 2220 introitum
2501 2161 2832 2221 nostrum.

500 2255 824 2321 Alleluia.

589 2359 824 2426 Gloria
855 2362 1094 2426 victori
1129 2361 1219 2427 sit
1249 2362 1519 2427 Christo
1550 2362 1751 2426 laude
1784 2363 2062 2446 perenni
2087 2386 2105 2439 ;

592 2463 718 2550 Qui
752 2485 954 2551 super
984 2472 1174 2531 astra
1205 2471 1452 2543 manet,
1485 2467 1589 2551 cuj
1604 2487 1681 2531 us
1713 2466 1995 2532 victoria
2024 2464 2258 2553 pollet.

943 2570 1175 2635 Gloria
1204 2571 1462 2635 victori.

589 2671 720 2736 Pro
751 2672 978 2735 mundi
1012 2674 1154 2737 vita
1183 2673 1592 2758 persolvitur
1621 2673 1849 2738 hostia
1876 2673 2054 2750 viva,

595 2774 805 2860 Quam
838 2797 1020 2840 mors
1052 2776 1208 2839 dum
1239 2776 1521 2854 mordet,
1554 2777 1739 2840 necis
1771 2777 1840 2840 in
1873 2796 1946 2841 se
1977 2775 2117 2841 tela
2145 2779 2510 2860 retorquet.

943 2877 1177 2943 Gloria
1207 2879 1468 2944 victori.

593 2980 726 3044 Per
753 2980 993 3044 mortis
1022 2981 1310 3065 pretium
1343 2983 1760 3047 Pharaonem
1795 2983 1961 3047 vicit
1990 2982 2313 3066 iniquum,

595 3081 690 3146 Et
721 3080 1022 3165 spolians
1053 3083 1347 3160 erebum,
1381 3086 1575 3149 nobis
1606 3085 1793 3150 dedit
1824 3090 2009 3150 astra
2040 3086 2366 3172 polorum.

946 3183 1071 3269 Qui
1103 3206 1307 3272 super
1337 3193 1545 3252 astra.

593 3287 765 3352 Ecce
798 3310 1033 3373 preces
1063 3296 1352 3367 nostras,
1386 3312 1555 3375 quas
1585 3291 1946 3368 fundimus,
1981 3290 2214 3355 audiat
2241 3291 2432 3366 istaS,

598 3391 895 3457 Cunctos
926 3394 1041 3477 qui
1074 3395 1327 3478 proprii
1359 3415 1484 3458 nos
1517 3395 1866 3479 sanguinis
1897 3393 2118 3459 abluit
2147 3394 2362 3458 undis.

1010 3496 1031 3558 l
1078 3497 1130 3558 ι’·
1187 3544 1200 3559 .

598 3598 909 3663 Moribus
948 3496 1261 3663 ῗνιῖαὶῗιω
1312 3599 1689 3664 Salamonis
1739 3599 1919 3664 fonte
1966 3600 2301 3685 repletum
2331 3601 2480 3686 (vel
2518 3601 2830 3686 dogmate

595 3702 945 3767 Poscimus
978 3702 1353 3788 Anglorum
1385 3708 1691 3767 nostrum
1727 3705 1947 3769 salvet
1975 3704 2327 3769 basileum.
2503 3703 2829 3791 [plenum)

980 3805 1104 3889 Qui
1139 3827 1341 3890 super
1371 3812 1582 3871 astra.

594 3906 946 3970 Poscimus
980 3913 1050 3972 et
1081 3914 1386 3973 nostram
1420 3909 1644 3973 salvet
1676 3908 1991 3975 Christus
2023 3909 2372 3989 basileam,

595 4009 918 4075 Nobilem
950 4015 1155 4094 atque
1188 4011 1367 4096 piam
1400 4017 1786 4098 gestantem
1817 4013 2157 4099 dogmatis
2189 4014 2489 4098 hydram.

965 4114 1214 4181 Gloria.

514 4288 548 4322 *
585 4287 699 4341 line
727 4286 826 4342 left
849 4286 1021 4342 blank
1048 4287 1132 4342 for
1159 4288 1355 4343 rubric.
