3117 5025
556 433 685 501 302
826 433 1193 520 Pontifioal
1229 433 1454 521 Offioes
1470 436 1663 517 from
1695 434 2023 521 Leofric’s
2056 433 2610 514 sacramentam.

804 638 1240 704 consecratio
1274 635 1705 704 chrismatis.

801 741 1233 807 Exoreismus
1261 741 1435 816 olei.

650 845 753 909 13.
803 843 1238 909 consecratio
1271 844 1464 929 Ignis
1506 848 1576 908 et
1607 842 1800 908 Cerei
1834 843 1932 929 (in
1968 843 2262 910 Sabbato
2297 840 2592 929 Sancte.)

647 947 751 1012 14.
800 945 1314 1011 Benedictiones
1348 945 1569 1011 variae.

796 1072 857 1115 a.
889 1049 1121 1125 fontia,
1154 1049 1353 1116 lactis
1386 1055 1458 1114 et
1488 1049 1732 1115 mellis.

795 1154 858 1219 b.
894 1153 1111 1239 paniS.

795 1277 851 1319 o.
884 1275 1255 1341 pomorum.

792 1358 856 1424 d.
888 1376 1241 1441 pomorum
1273 1361 1344 1421 et
1373 1354 1705 1421 nucleum.

797 1483 856 1526 e.
890 1460 979 1525 ad
1011 1459 1248 1547 fruges
1279 1480 1509 1526 novae.

782 1565 829 1630 f.
864 1564 1022 1629 vini.

794 1689 862 1753 g.
894 1667 1133 1733 crucia.

792 1774 859 1838 h.
891 1791 1096 1857 super
1125 1792 1299 1836 vasa
1326 1770 1397 1833 in
1429 1774 1707 1855 antiquo
1740 1772 2204 1857 loeoreperta.

795 1878 841 1941 i.
875 1875 1088 1960 putei.

646 1979 753 2044 15.
804 1979 1039 2045 Oratio
1070 1982 1231 2063 post
1258 1977 1670 2044 mandatum.

650 2083 753 2147 16.
802 2081 1040 2147 Oratio
1073 2081 1159 2146 ad
1192 2080 1468 2166 Agapen
1500 2101 1898 2164 pauperum.

646 2186 749 2253 17.
800 2186 1038 2251 Oratio
1071 2184 1157 2249 ad
1189 2182 1700 2268 Capillaturam.

802 2288 1038 2354 Oratio
1069 2287 1153 2351 ad
1186 2287 1444 2351 Barbas
1475 2285 1870 2350 tondendas.

650 2394 756 2459 18.
804 2393 1040 2459 Oratio
1074 2391 1157 2457 ad
1191 2390 1662 2457 Diaconissam
1696 2391 2088 2456 faciendam.

649 2498 753 2565 19.
804 2494 1197 2562 Benedictio
1232 2492 1553 2559 Vestium
1584 2493 1828 2560 Viduae
1861 2493 1967 2559 vel
2001 2492 2323 2580 Virginis.

803 2598 1196 2665 Benedictio
1227 2596 1561 2682 Virgini&

802 2702 909 2768 Ad
940 2702 1297 2767 velandam
1328 2701 1645 2765 Viduam.
2220 2730 2226 2735 ·

645 2806 750 2870 20.
802 2804 1039 2870 Oratio
1072 2804 1157 2868 ad
1202 2804 1535 2867 Abbatem
1571 2803 1678 2866 vel
1713 2804 2145 2869 Abbatissam
2177 2805 2567 2869 faciendam.

646 2914 752 2978 21.
798 2908 1291 2977 Reconciliatio
1326 2909 1834 2974 Haeretieorum.

643 3017 751 3082 22.
803 3014 1039 3079 Oratio
1074 3034 1292 3097 super
1321 3033 1443 3076 eos
1474 3013 1585 3096 qui
1620 3013 2046 3077 morticinum
2078 3012 2498 3076 comederint.

646 3120 752 3184 23.
802 3115 1287 3184 Reconciliatio
1362 3115 1629 3181 Altaria
1706 3116 1820 3179 ubi
1907 3115 2333 3180 homicidium
2417 3121 2876 3202 perpetratum

710 3220 935 3285 fuerit.

642 3328 748 3394 24.
797 3322 1029 3388 Oratio
1061 3342 1182 3408 pro
1215 3321 1681 3404 regnantibus.
3054 3248 3055 3307 1

639 3431 746 3495 25.
795 3426 1029 3492 Oratio
1065 3446 1268 3509 super
1298 3423 1693 3489 militantes.

635 3535 740 3596 26.
793 3527 1314 3594 Benedictiones
1347 3546 1552 3610 super
1584 3547 1814 3612 regem
1853 3527 2116 3590 noviter
2147 3526 2455 3591 electum.

642 3636 749 3702 27.
797 3633 1158 3698 Orationes
1218 3651 1361 3715 quae
1435 3629 1732 3695 dicendae
1793 3636 1948 3695 sunt
2017 3651 2220 3715 super
2279 3632 2863 3719 Archiepiscopum

710 3742 1072 3819 antequam
1103 3733 1381 3819 pallium
1416 3734 1721 3819 accipiat.

653 3842 764 3907 28.
809 3836 1317 3906 Benedictiones
1351 3836 1418 3901 in
1451 3837 1864 3923 quotidianis
1894 3837 2129 3902 diebus
2161 3842 2231 3901 et
2262 3858 2462 3923 super
2492 3859 2738 3926 regem.
