3117 5025
1018 364 1422 432 Benedictio
1453 368 1518 432 A
1532 368 1874 435 bbatiesae.
2473 369 2596 438 147

276 571 2599 667 Q

338 717 479 782 enti
511 741 592 784 -ae
621 721 1024 787 testi-mo-ni
1053 745 1195 788 -um
1238 726 1621 806 ostendens,
1650 726 1720 791 in
1768 725 2041 794 Christo
2069 727 2114 793 J
2116 749 2268 795 e·su
2309 729 2503 794 firma
2533 734 2603 795 et

280 862 2603 968 w

281 967 2599 1106 mm

278 1154 2603 1255 m

280 1260 2613 1393 Μ’

284 1491 2599 1580 Q

283 1601 564 1665 ne-ra—ti
594 1637 623 1651 -
653 1624 898 1681 o-nem,
990 1609 1060 1669 te
1152 1605 1494 1685 do-nante,
1586 1608 1995 1692 perve-ni-re
2089 1629 2303 1673 me-re
2334 1646 2361 1658 -
2391 1615 2595 1673 a-tur.

284 1707 633 1771 submisse.
722 1707 853 1771 Per
899 1707 1254 1774 Dominum
1307 1717 1615 1775 nostrum
1665 1711 1709 1775 J
1712 1731 1899 1776 esum
1953 1711 2295 1777 Christum
2349 1711 2598 1776 Filium

280 1812 492 1883 tuum,
524 1808 640 1892 qui
678 1812 900 1873 tecum
941 1811 1112 1876 vivit
1141 1817 1212 1877 et
1256 1818 1498 1898 regnat
1539 1813 1611 1878 in
1656 1814 1917 1879 unitate
1956 1814 2255 1898 ejusdem
2303 1814 2596 1900 Spiritus

289 1909 538 1987 Sancti,
568 1909 773 1975 Deus.

374 2011 561 2076 Tunc
591 2013 709 2076 det
736 2012 1095 2094 epiecopus
1124 2013 1455 2098 reyulam,
1487 2017 1743 2081 dicens.

371 2113 619 2197 Accipe
669 2113 974 2198 regulam
1027 2122 1273 2182 sanctae
1326 2118 1876 2195 conversationis,
1929 2117 2258 2201 simulque
2309 2118 2601 2203 gratiam

287 2216 527 2280 divinae
556 2215 1140 2295 beneffldictionis,
1172 2222 1243 2282 et
1272 2222 1351 2282 ut
1382 2238 1500 2302 per
1528 2219 1723 2296 hanc,
1758 2240 1905 2283 cum
1935 2238 2143 2304 grege
2175 2218 2298 2284 tibi
2330 2219 2603 2296 credite,

284 2318 356 2381 in
408 2316 699 2382 districti
757 2316 865 2380 die
916 2317 1153 2402 judicii
1210 2317 1499 2384 Domino
1555 2320 2086 2385 incontaminata
2140 2321 2607 2403 repraesentari

285 2417 539 2496 valeas,
590 2418 735 2504 ipse
794 2425 863 2483 te
922 2419 1240 2503 adjuvare
1296 2420 1632 2506 dignetur,
1686 2422 1802 2506 qui
1860 2443 2012 2486 cum
2070 2420 2213 2485 Deo
2272 2421 2476 2486 Patre
2534 2422 2604 2485 in

283 2522 549 2586 unitate
582 2521 808 2586 Sancti
841 2521 1132 2607 Spiritus
1162 2523 1347 2588 Deus
1376 2524 1544 2591 vivit
1574 2528 1647 2589 et
1672 2529 1934 2611 regnat,
1966 2545 2088 2609 per
2117 2524 2340 2588 omnia
2370 2523 2610 2590 saecula

288 2622 702 2688 saeculorum.
792 2624 1029 2689 Amen.

379 2726 567 2789 Tunc
600 2727 844 2791 tradat
871 2728 935 2790 ei
968 2725 1285 2792 baculum
1313 2728 1569 2791 dicem.

372 2825 620 2910 Accipe
677 2824 987 2891 baculum
1046 2827 1410 2912 pastoralis
1459 2825 1659 2892 officii
1710 2847 1906 2911 quem
1959 2826 2275 2911 praeferas
2322 2831 2605 2893 catervae

282 2928 412 2995 tibi
464 2927 832 2993 commissae
890 2928 975 2992 ad
1027 2927 1406 3012 exemplum
1452 2929 1655 3012 justoe
1709 2927 2092 2994 severitatis
2152 2933 2223 2994 et
2278 2930 2402 3015 pioe
2461 2950 2605 2995 cor-

285 3030 641 3117 reptiouis.

375 3134 641 3199 Deinde
670 3133 951 3198 dicatur
988 3134 1252 3199 Oratio.

378 3238 685 3304 Oremus.

403 3340 686 3406 Domine
743 3338 933 3405 Deus
991 3340 1433 3425 omnipotens,
1492 3340 1610 3423 qui
1671 3358 1966 3404 sororem
2034 3336 2256 3422 Moysi
2317 3335 2606 3401 Mariam

286 3446 695 3530 praeeuntem
739 3462 889 3506 cum
920 3442 1162 3507 ceteris
1206 3441 1582 3527 virginibus
1611 3440 1790 3506 inter
1830 3458 2172 3523 aequoreas
2216 3438 2431 3502 undas
2460 3457 2610 3502 cum

285 3544 627 3631 tympanis
680 3548 752 3608 et
803 3543 1026 3608 choris
1076 3540 1301 3608 lectam
1352 3543 1437 3609 ad
1489 3542 1656 3608 litus
1709 3542 1916 3607 maris
1966 3540 2199 3606 venire
2250 3539 2491 3616 fecisti,
2539 3545 2609 3604 te

291 3645 630 3733 supplices
673 3645 1107 3730 deprecamur
1148 3666 1271 3730 pro
1302 3644 1484 3709 fideli
1526 3643 1782 3709 famula
1821 3647 1942 3708 tua
1983 3642 2073 3709 N.
2115 3663 2258 3727 quoe
2300 3641 2497 3705 hodie
2541 3642 2612 3706 in

286 3747 611 3815 cathedra
665 3751 971 3812 materna
1029 3767 1231 3832 super
1288 3747 1642 3811 universas
1703 3744 2006 3810 subditas
2067 3744 2215 3821 sibi,
2269 3742 2615 3809 abbatissa

293 3849 749 3927 constituitur,
786 3852 865 3913 ut
908 3849 1008 3914 ita
1051 3848 1370 3915 canonica
1406 3867 1643 3913 norma
1684 3851 1959 3913 tueatur
2000 3850 2281 3912 cunctas
2323 3845 2614 3911 famulas

285 3958 468 4027 tuas,
501 3953 832 4034 quatenus
862 3949 947 4014 ad
991 3934 1308 4015 aeternam
1347 3947 1654 4036 gloriam,
1685 3953 1755 4015 te
1785 3947 2176 4025 auxiliante,
2210 3968 2360 4011 cum
2404 3947 2613 4011 omni-

288 4054 419 4118 bus
462 4051 603 4116 illis
646 4052 942 4117 introeat
983 4051 1158 4129 laeta,
1189 4051 1417 4136 ibique
1461 4050 1813 4116 exsultans
1858 4071 2008 4115 cum
2053 4049 2335 4136 angelis,
2368 4069 2612 4114 canens

286 4153 553 4220 cantica
571 4174 763 4231 nova,
786 4159 1106 4238 sequatur
1123 4174 1372 4239 agnum
1391 4173 1804 4237 quocumque
1825 4152 1997 4230 ierit,
2018 4151 2061 4217 J
2064 4172 2248 4217 esum
2270 4149 2612 4217 Christum

289 4255 646 4320 Dominum
677 4259 1000 4320 nostrum.
1091 4257 1326 4320 Amen.

471 4357 595 4421 18*
