3117 5025
525 404 614 470 54
1312 406 1684 472 Dedicatio
1714 404 2062 471 Ecclesiae.

512 606 713 673 indue
744 629 867 675 nos
899 608 1358 697 spiritualibus
1388 610 1594 675 armis
1625 609 1946 676 virtutum
1977 613 2048 676 et
2068 608 2320 675 invicta
2350 612 2592 675 sanctae
2621 610 2840 677 crucis

509 711 831 797 potentia,
877 718 954 777 ut
1003 718 1237 780 contra
1278 712 1629 780 diabolum
1662 711 2046 798 pugnaturi,
2079 716 2160 778 'te
2213 712 2285 777 in
2338 710 2661 777 auxilium
2713 712 2837 779 ha-

508 815 827 892 beamus;
889 820 1223 899 quatenus
1282 814 1692 899 triumphum
1752 814 1834 878 de
1894 812 2125 899 iniqua
2153 813 2530 879 hostilitate
2583 813 2836 880 diaboli

507 917 969 1001 acquiramus:
1025 923 1094 982 et
1145 916 1259 1002 qui
1308 916 1377 980 in
1429 916 1697 980 domum
1751 915 2042 980 Zacchaei
2088 915 2424 1000 quondam
2471 915 2836 983 miseratus

508 1020 927 1098 descendisti,
953 1020 1039 1086 ad
1059 1020 1322 1086 domum
1347 1040 1607 1108 quoque
1640 1021 1828 1098 hanc,
1853 1040 2051 1104 quam
2077 1018 2555 1085 sanctificaturi
2579 1040 2834 1102 sumus,

506 1121 735 1188 venire
757 1122 1055 1210 dignare,
1077 1127 1148 1190 et
1164 1121 1444 1210 populos
1466 1121 1581 1208 qui
1604 1122 1685 1187 ad
1707 1122 1853 1205 ejus
1875 1121 2354 1187 dedicationem
2380 1122 2833 1204 convenerint,

506 1224 842 1314 spirituali
858 1224 1105 1312 gaudio
1122 1245 1418 1302 munera,
1441 1223 1757 1292 Salvator
1778 1223 2024 1301 mundi,
2045 1222 2332 1292 Domine
2349 1223 2393 1287 J
2396 1245 2516 1289 esu
2540 1222 2831 1308 Christe,

506 1329 621 1415 qui
665 1350 814 1394 cum
859 1329 1060 1396 Patre
1107 1333 1178 1395 et
1226 1327 1474 1413 Spiritu
1523 1327 1789 1405 Sancto,
1821 1326 1994 1396 vivis
2037 1333 2107 1396 et
2149 1349 2417 1416 regnas,
2455 1329 2666 1426 Deus,
2707 1351 2831 1417 per

507 1431 731 1500 omnia
760 1431 999 1498 saecula
1028 1429 1436 1496 saeculorum.
1523 1430 1759 1496 Amen.

585 1534 725 1594 Post
743 1534 874 1607 hoec,
889 1532 1229 1611 praecedente
1248 1551 1424 1604 cruce,
1445 1531 1799 1591 candelabris
1824 1538 1875 1591 et
1900 1538 2069 1604 tecam
2089 1551 2217 1592 cwm
2232 1532 2576 1610 processione
2594 1532 2829 1598 veniant

500 1637 632 1692 ante
656 1628 867 1687 ostium
893 1626 1222 1688 dedicandae
1248 1625 1504 1697 ecclesiae,
1537 1626 1684 1688 hanc
1709 1627 1986 1686 sonoriter
2011 1626 2297 1688 cantando
2324 1627 2721 1706 antiphonam.

543 1756 1217 1823 ’τί-ξ’·-
1255 1756 2831 1868 Ἧ--ῑς

593 1895 894 1962 Zac-chae
925 1931 950 1943 ·
983 1915 1020 1961 e
1049 1893 1257 1958 fes-ti·
1277 1913 1447 1960 nans
1476 1892 1821 1971 descende,
1852 1893 1996 1977 qui·
2015 1915 2059 1962 a
2087 1893 2275 1958 ho-di
2305 1930 2333 1944 -
2363 1914 2400 1958 e
2445 1894 2514 1958 in
2545 1894 2630 1962 do
2660 1933 2689 1946 -
2718 1917 2830 1966 mo

504 1999 2826 2154 ffiffl

504 2177 583 2237 tu
613 2209 640 2221 -
664 2192 705 2236 a
818 2192 884 2236 o-
907 2174 1160 2255 por-tet
1186 2189 1293 2233 me
1324 2188 1651 2232 ma-ne-re
1681 2172 1792 2234 :at
1831 2166 1976 2234 il-le
2005 2167 2196 2234 fes-ti
2221 2205 2248 2217 -
2265 2188 2436 2234 nans
2466 2169 2830 2248 descendit,

503 2322 2827 2444 Q

505 2502 576 2566 et
635 2497 959 2584 sus-cepit
1009 2495 1229 2560 il-lum
1280 2492 1610 2581 gau-dens
1661 2492 1731 2558 in
1784 2493 2082 2559 do-mum
2138 2515 2442 2560 su-am:
2511 2495 2700 2562 ho-di
2732 2534 2761 2548 -
2791 2518 2831 2562 e

503 2903 949 3023 Ξ

501 3050 577 3116 lu
635 3088 664 3102 -
725 3069 832 3135 ya.

589 3168 722 3240 Qua
735 3166 937 3244 finita,
965 3164 1195 3223 dicatur
1221 3184 1259 3222 a
1278 3162 1519 3242 pressule
1545 3172 1677 3224 ante
1701 3163 1927 3224 ostium.

589 3263 918 3331 Dominus
947 3260 1308 3326 vobiscum.

552 3432 558 3438 .
594 3368 898 3435 Oramus.

584 3470 902 3537 Actiones
933 3471 1224 3542 nostras,
1254 3483 1652 3549 quaesumus,
1685 3462 1987 3541 Domine,
2018 3461 2374 3551 aspirando
2414 3466 2706 3550 praeveni
2751 3474 2821 3537 et

498 3572 874 3660 adjuvando
919 3588 1339 3655 prosequere,
1388 3571 1463 3631 ut
1508 3587 1630 3651 per
1680 3566 1999 3633 virtutem
2046 3572 2288 3631 sanctae
2334 3570 2569 3647 crucis,
2614 3570 2821 3638 inter-

497 3678 802 3745 veniente
849 3674 1049 3739 beata
1098 3676 1170 3736 et
1218 3668 1518 3756 gloriosa
1569 3689 1959 3754 semperque
2009 3667 2267 3754 virgine
2317 3669 2445 3737 Dei
2496 3673 2821 3758 genitrice

499 3778 724 3846 Maria
769 3796 921 3841 cum
967 3772 1272 3839 omnibus
1320 3769 1592 3847 sanctis,
1636 3775 1706 3835 et
1753 3775 1992 3837 cuncta
2032 3776 2268 3838 nostra
2311 3774 2613 3857 operatio
2659 3796 2704 3842 a
2748 3782 2819 3842 te

500 3905 761 3971 semper
787 3881 1083 3967 incipiat,
1107 3886 1178 3945 et
1204 3897 1327 3964 per
1354 3881 1423 3942 te
1455 3882 1671 3963 coepta
1696 3877 1992 3943 finiatur.
2078 3877 2211 3943 Per
2237 3879 2542 3944 eundem.

588 3989 891 4054 Oremus.

578 4092 782 4169 Deus,
823 4087 937 4175 qui
988 4108 1111 4152 nos
1162 4092 1467 4171 pastores
1518 4085 1584 4148 in
1641 4083 1886 4169 populo
1938 4085 2163 4151 vocari
2211 4083 2505 4161 voluisti,
2547 4089 2817 4170 praesta,

486 4214 888 4285 quaesumus,
932 4195 1011 4257 ut
1051 4192 1178 4257 hoc
1230 4188 1408 4274 quod
1458 4190 1751 4253 humano
1795 4208 1912 4255 ore
1960 4187 2260 4266 dicimur,
2301 4187 2374 4255 in
2415 4187 2556 4259 tuin
2599 4188 2817 4256 oculis

497 4321 647 4368 esse
675 4296 1045 4365 valeamus.
1125 4293 1256 4361 Per
1282 4291 1664 4360 Dominum.
