3117 5025
531 358 659 424 332
1259 353 1662 418 Benedictio
1700 351 2125 417 Chrismatis.

1035 767 1311 833 FERIA
1359 767 1443 830 V.
1490 766 1598 832 IN
1645 766 1925 833 OOENA
1970 766 2335 834 DOMINI.

607 972 925 1049 Conficitur
950 972 1201 1032 chrisma
1227 973 1295 1032 in
1321 973 1528 1032 ultimo
1556 972 1637 1034 ad
1663 973 1920 1045 missam,
1953 981 2262 1052 antequam
2286 973 2519 1032 dicatur
2544 994 2648 1054 per
2675 995 2852 1054 quem

524 1070 650 1129 haec
675 1069 893 1141 omnia,
926 1069 1194 1141 Domine,
1225 1090 1454 1148 semper
1483 1072 1633 1129 bona
1661 1090 1849 1129 creas.
1930 1069 2228 1128 Levantur
2253 1068 2383 1128 duoe
2410 1071 2680 1148 ampullae
2707 1072 2853 1149 qicas

526 1165 767 1241 offerunt
784 1163 1015 1241 populi,
1044 1170 1097 1222 et
1123 1164 1404 1223 benedicit
1428 1172 1549 1223 tam
1576 1164 1846 1224 dominus
1875 1163 2052 1243 Papa
2080 1185 2255 1242 quam
2282 1185 2469 1223 omnes
2490 1166 2826 1244 presbyteri.

607 1258 961 1318 Benedictio.
1770 1264 1773 1265 ’
2277 1302 2285 1310 .

610 1355 887 1432 Emitte,
941 1353 1244 1432 Domine,
1294 1353 1620 1440 Spiritum
1678 1355 1997 1421 Sanctum
2054 1359 2247 1420 tuum
2299 1354 2707 1421 Paraclitum
2770 1355 2856 1419 de

521 1458 707 1524 coelis
736 1458 807 1522 in
838 1458 1012 1524 hanc
1042 1458 1520 1544 pinguedinem
1553 1459 1767 1536 olivae,
1800 1480 2003 1543 quam
2033 1459 2116 1524 de
2166 1459 2362 1523 viridi
2391 1458 2577 1544 ligno
2608 1458 2856 1543 produ-

523 1582 675 1626 cere
738 1561 1056 1645 dignatus
1116 1581 1192 1624 es
1252 1560 1338 1625 ad
1397 1561 1835 1626 refectionem
1896 1563 2219 1647 corporis,
2280 1566 2359 1628 ut
2424 1568 2548 1627 tua
2615 1566 2853 1626 sancta

528 1663 988 1728 benedictione
1015 1664 1108 1729 sit
1137 1664 1316 1728 omni
1341 1670 1758 1748 unguentum
1789 1667 2097 1751 tangenti
2119 1671 2571 1730 tutamentum
2603 1664 2856 1730 mentis

528 1771 599 1831 et
627 1766 948 1851 corporis,
982 1766 1068 1831 ad
1100 1767 1525 1832 evacuandos
1572 1788 1807 1832 omnes
1839 1767 2129 1846 dolores,
2163 1789 2527 1853 omnesque
2574 1768 2854 1831 infirmi-

525 1875 729 1947 tates,
762 1890 1026 1934 omnem
1056 1870 1525 1954 aegritudinem
1573 1871 1900 1955 corporis,
1931 1872 2109 1936 unde
2142 1872 2396 1937 unxisti
2441 1870 2856 1947 sacerdotes,

525 1994 746 2059 reges,
812 1974 1181 2058 prophetas
1250 1978 1322 2037 et
1393 1979 1753 2058 martyres,
1824 1974 2121 2039 chrisma
2186 1981 2379 2039 tuum
2455 1973 2852 2057 perfectum,

533 2076 837 2153 Domine,
884 2096 927 2140 a
978 2080 1046 2141 te
1099 2075 1545 2140 benedictum.
1637 2076 1716 2140 In
1773 2077 2039 2140 nomine
2094 2075 2364 2141 Domini
2418 2075 2632 2139 nostri
2681 2074 2725 2140 J
2730 2095 2853 2139 esu

531 2179 807 2256 Christi,
838 2200 962 2265 per
991 2200 1191 2264 quem
1221 2180 1362 2244 haec
1393 2179 1639 2256 omnia,
1671 2180 1978 2245 Domine.

607 2283 838 2362 Incipit
867 2283 1209 2342 Benedictio
1236 2283 1567 2343 chrismatis
1591 2284 1966 2363 principalis.

619 2380 901 2444 Sursum
934 2379 1157 2443 corda.

623 2485 704 2550 R.
794 2485 1147 2551 Habemus
1178 2484 1265 2549 ad
1294 2483 1679 2550 Dominum.

549 2649 554 2652 ,
615 2587 889 2653 Gratias
922 2608 1206 2673 agamus
1236 2586 1521 2651 Domino
1555 2587 1698 2652 Deo
1730 2593 1987 2652 nostro.

613 2692 702 2755 R.
791 2690 1087 2776 Dignum
1120 2695 1189 2755 et
1213 2690 1478 2774 justum
1511 2695 1640 2755 est.

604 2795 784 2858 Vere
811 2793 1109 2879 dignum.
1200 2795 1486 2857 AEterne
1508 2793 1715 2858 Deus.
1806 2793 1933 2879 Qui
1957 2793 2027 2856 in
2060 2793 2393 2879 principio
2413 2793 2590 2858 inter
2616 2798 2844 2857 cetera

518 2898 846 2963 bonitatis
879 2902 948 2960 et
987 2897 1266 2982 pietatis
1301 2903 1435 2961 tuae
1478 2918 1762 2963 munera
1797 2903 2048 2962 terram
2082 2897 2450 2981 producere
2492 2897 2847 2961 fructifera

513 3002 702 3086 ligna
737 2998 1033 3084 jussisti,
1066 2999 1249 3063 inter
1293 3020 1438 3083 quae
1471 3000 1674 3082 hujus
1722 2985 2150 3086 pinguissimi
2183 2999 2471 3082 liquoris
2516 2999 2842 3063 ministrae

521 3104 684 3168 oleae
730 3107 1173 3167 nascerentur
1201 3124 1483 3187 quarum
1516 3104 1778 3169 fructus
1814 3125 2005 3176 sacro
2050 3104 2406 3169 chrismati
2435 3103 2809 3166 deserviret
2828 3127 2845 3180 ;

517 3230 674 3273 nam
720 3211 791 3270 et
820 3205 1039 3270 David
1071 3207 1465 3291 prophetico
1499 3207 1743 3292 spiritu
1793 3209 2028 3293 gratiae
2061 3214 2191 3271 tuae
2225 3211 2652 3271 sacramenta
2681 3227 2847 3290 prae-

516 3329 824 3385 noscens,
857 3307 1089 3373 vultus
1120 3314 1394 3374 nostros
1439 3309 1509 3371 in
1541 3309 1690 3374 oleo
1724 3311 2204 3384 exhilarandos
2237 3330 2386 3373 esse
2420 3309 2744 3385 cantavit,
2779 3317 2849 3372 et

517 3436 666 3479 cum
694 3411 920 3475 mundi
945 3411 1226 3475 crimina
1248 3411 1502 3475 diluvio
1526 3413 1862 3496 quondam
1884 3415 2322 3499 expiarentur
2345 3413 2581 3487 effuso,
2608 3412 2845 3474 simili-

509 3518 813 3584 tudinem
844 3516 1054 3580 divini
1085 3517 1383 3581 muneris
1412 3518 1625 3580 futuri
1653 3517 1963 3583 columba
1984 3518 2477 3608 demonstrans»,
2504 3536 2626 3599 per
2649 3514 2840 3580 olivae

517 3641 776 3686 ramum
822 3641 1055 3704 pacem
1099 3621 1303 3685 terris
1348 3620 1679 3684 redditam
1722 3621 2083 3698 nuntiavit,
2115 3622 2290 3706 quod
2340 3618 2847 3714 ingpovissimis

519 3722 934 3807 temporibus
973 3722 1353 3786 manifestis
1385 3727 1489 3786 est
1537 3723 1890 3787 effectibus
1922 3723 2357 3802 declaratum,
2391 3742 2538 3800 cum
2587 3720 2844 3803 baptis-

520 3826 722 3890 matis
765 3824 961 3908 aquis
1002 3825 1296 3888 omnium
1326 3825 1679 3889 criminum
1726 3827 2085 3891 commissa
2113 3827 2495 3892 delentibus
2532 3825 2681 3888 {haec
2713 3823 2846 3887 olei

528 3927 754 3991 unctio
786 3926 1017 3989 vultus
1047 3932 1319 3992 nostros
1355 3926 1694 4010 jucundos
1727 3927 1930 3992 efficit
1961 3950 2039 3994 ac
2088 3950 2407 4008 serenos3
2454 3909 2612 4024 5¹¹3?
2645 3926 2852 3990 etiam

525 4029 748 4113 Moysi
781 4027 1031 4092 famulo
1074 4034 1188 4093 tuo
1231 4031 1620 4095 mandatum
1665 4031 1936 4109 dedisti,
1967 4039 2048 4098 ut
2074 4034 2301 4097 Aaron
2334 4034 2622 4099 fratrem
2653 4049 2850 4092 suum

524 4133 709 4217 prius
742 4152 919 4215 aqua
947 4132 1182 4209 lotum,
1209 4129 1331 4217 fier
1361 4134 1768 4198 infusionem
1801 4136 2006 4218 hujus
2036 4137 2364 4222 unguenti
2396 4119 2856 4203 constitueret

529 4235 961 4299 sacerdotem.
1053 4235 1363 4302 Accessit
1394 4238 1476 4301 ad
1521 4239 1649 4301 hoc
1680 4237 1970 4322 amplior
1999 4240 2219 4302 honor
2258 4259 2405 4303 cum
2439 4241 2664 4308 Filius
2692 4240 2864 4299 tuus

2560 4497 2773 4940 ί
