3117 5025
933 374 1453 440 Benedictiones
1485 374 1958 473 Epiqoopales.
2473 373 2600 438 185

290 591 644 679 discipulis
679 595 869 661 visus
907 602 1014 661 est
1050 597 1474 676 manifestus,
1504 597 1606 664 ita
1639 595 1833 664 vobis
1869 597 1940 663 in
1974 595 2302 682 judicium
2335 597 2610 662 veniens

287 696 601 761 videatur
631 697 960 782 placatus.
1049 699 1288 764 Amen.

376 797 471 864 Et
535 800 649 885 qui
709 821 863 865 eum
924 800 1272 866 considere
1331 801 1520 866 Patri
1581 801 1651 865 in
1713 822 1840 867 sua
1896 801 2258 886 majestate
2317 801 2613 879 creditis,

288 901 631 966 vobiscum
690 923 962 968 manere
1023 924 1236 988 usque
1296 903 1366 967 in
1425 903 1628 969 finem
1691 903 1936 984 saeculi,
1991 903 2354 970 secundum
2416 923 2606 970 suam

289 1003 801 1086 promissionem
834 1006 1167 1071 sentiatis.
1257 1008 1495 1072 Amen.

376 1104 564 1190 Quod
591 1106 739 1193 ipse
772 1112 1115 1193 praestare.

365 1306 447 1369 In
472 1309 569 1371 die
599 1309 960 1372 Pentecostes.
1046 1310 1405 1373 Benedictio.

375 1524 584 1603 Deus,
615 1526 730 1612 qui
761 1526 1087 1593 hodierna
1116 1526 1226 1593 die
1257 1527 1747 1614 discipulorum
1782 1530 2046 1593 mentes
2092 1526 2385 1612 Spiritus
2414 1526 2618 1595 Para-

285 1626 433 1693 oliti
480 1628 813 1693 infusione
862 1628 1343 1716 dignatusest
1388 1630 1765 1707 illustrare,
1812 1651 1934 1695 vos
1983 1649 2247 1717 quoque
2295 1631 2615 1718 dignetur

292 1751 414 1796 sua
448 1731 909 1798 benedictione
954 1732 1216 1817 replere
1263 1738 1333 1799 et
1370 1734 1695 1799 donorum
1742 1733 2047 1818 ejusdem
2085 1733 2382 1820 Spiritus
2421 1736 2615 1802 vobis

289 1833 545 1917 copiam
576 1833 981 1902 ministrare.
1070 1836 1309 1900 Amen.

372 1935 502 2000 Ille
541 1936 742 2022 ignis,
783 1938 899 2022 qui
948 1958 1152 2024 super
1198 1938 1565 2024 discipulos
1609 1940 1945 2024 apparuit,
1984 1944 2413 2025 peccatorum
2456 1961 2606 2007 ves-

288 2046 548 2103 trorum
581 2039 811 2104 sordes
842 2045 1196 2127 expurget,
1229 2045 1301 2106 et
1330 2042 1437 2107 sui
1468 2041 1742 2107 luminis
1772 2042 2108 2108 infusione
2154 2043 2358 2109 corda
2385 2048 2615 2109 vestra

290 2142 683 2228 perlustret.
771 2144 1011 2209 Amen.

377 2245 637 2331 Quique
667 2244 987 2330 diguatus
1030 2250 1137 2312 est
1176 2246 1641 2313 diversitatem
1688 2248 2077 2334 linguarum
2107 2246 2177 2311 in
2225 2247 2428 2312 unius
2456 2247 2614 2312 fidei

287 2348 709 2414 confessione
755 2349 1078 2428 adunare,
1109 2349 1181 2413 in
1212 2350 1446 2415 eadem
1486 2371 1610 2416 vos
1639 2351 1850 2418 faciat
1891 2351 2021 2416 fide
2052 2371 2511 2436 persevera-re,
2543 2358 2614 2416 et

285 2474 408 2540 per
436 2454 610 2520 hanc
641 2453 727 2521 ab
760 2474 878 2540 spe
910 2455 997 2521 ad
1029 2455 1317 2542 speciem
1350 2457 1725 2543 pervenire.
1815 2460 2052 2524 Amen.

375 2557 564 2643 Quod
592 2558 759 2644 ipse.

362 2778 445 2838 In
470 2777 566 2837 die
598 2777 660 2838 S.
689 2777 912 2837 Marios
939 2778 1321 2856 Maqdalenae.
1402 2779 1762 2841 Benedictio.

368 2975 574 3054 Deus,
606 2977 723 3060 qui
751 2976 1019 3041 domum
1064 2978 1389 3043 Pharisaei
1418 2978 1790 3063 ingressus,
1821 2978 2171 3045 mulierem
2203 2979 2408 3064 pedes
2442 3000 2602 3045 suos

275 3079 596 3165 lacrymis
639 3079 977 3164 rigantem
1023 3084 1094 3145 et
1137 3079 1321 3145 crine
1366 3081 1609 3167 capitis
1658 3085 2038 3167 tergentem
2082 3081 2441 3167 multiplici
2487 3082 2600 3146 de·-

273 3184 574 3259 votione,
603 3182 824 3247 voluit
865 3184 1210 3259 mundare,
1242 3204 1525 3269 corpora
1570 3188 1642 3250 et
1681 3186 1946 3250 animas
1976 3189 2241 3252 vestras
2283 3187 2371 3251 ab
2416 3186 2595 3251 omni

274 3287 538 3372 impetu
569 3285 821 3350 diaboli
850 3286 1171 3372 dignetur
1197 3286 1510 3352 liberare.
1601 3289 1840 3351 Amen.

371 3388 610 3454 Faciat
667 3408 790 3453 vos
857 3388 1152 3472 quotidie
1213 3410 1416 3475 agere
1486 3388 1957 3476 spiritualiter,
2016 3388 2195 3473 quod
2252 3388 2379 3453 illa
2435 3394 2598 3454 tunc

278 3492 490 3559 semel
551 3492 697 3579 egit
754 3491 1232 3575 corporaliter3
1295 3503 1361 3556 et
1421 3492 1596 3577 quod
1657 3492 1805 3576 ejus
1864 3491 2182 3578 praestitit
2239 3492 2594 3570 desiderio,

279 3604 513 3662 vestro
544 3600 866 3682 praestarc
897 3594 1214 3681 dignetur
1245 3596 1591 3681 obsequio.
1678 3598 1919 3660 Amen.

368 3699 780 3782 Annuatque
823 3718 946 3763 vos
997 3719 1070 3762 se
1115 3697 1405 3763 multum
1453 3698 1756 3784 diligere,
1805 3703 1885 3762 ut
1928 3696 2098 3764 velit
2141 3697 2332 3762 vobis
2379 3697 2596 3764 multa

266 3803 639 3879 dimittere,
694 3800 810 3886 qui
869 3801 1105 3866 Mariae
1153 3802 1437 3869 multum
1498 3800 1777 3879 dimisit,
1833 3801 1991 3885 quia
2050 3800 2334 3866 multum
2395 3799 2590 3864 illum

268 3907 538 3974 dilexit.
627 3906 861 3970 Amen.

362 4008 551 4095 Quod
581 4007 727 4093 ipse
758 4011 1081 4093 praestare
1113 4006 1448 4093 dignetur.

443 4379 636 4442 Pont.
672 4377 757 4440 23
