3117 5025
1067 299 1808 426 Dedicatt’oficcleciae.
2523 343 2608 411 79

371 554 516 616 Hoec
540 557 876 638 'antiphona
918 559 1157 620 diversis
1206 562 1341 621 locis
1381 562 1602 621 diverso
1645 565 1912 620 cantatur
1955 573 2061 614 neu
2083 575 2107 627 ,·
2159 553 2228 612 in
2270 547 2609 630 quibusdam

290 650 445 709 enim
471 652 606 711 locis
621 654 735 714 duo
760 655 847 714 vel
870 663 980 714 trec
1005 655 1201 715 clerici
1224 664 1431 716 stantes
1457 655 1537 715 ad
1562 654 1833 714 orientem
1861 649 2010 711 versi
2034 646 2317 710 cantando
2341 644 2561 714 dicunt,

380 747 486 811 Ab
516 749 774 815 oriente
802 755 1009 835 portae
1037 756 1201 816 tres.

375 863 462 924 Et
485 867 739 927 conversi
763 869 844 928 ad
867 868 1203 929 occidentem
1227 877 1458 942 canunt,

383 961 490 1025 Ab
519 962 861 1030 occidente
890 968 1098 1049 portae
1127 968 1290 1029 tres.

294 1064 651 1142 conversim
677 1066 758 1124 ad
782 1067 1106 1146 aquilonem
1131 1066 1346 1140 dicwnt,

383 1159 489 1224 Ab
519 1160 832 1245 aquilone
860 1166 1069 1247 portae
1097 1166 1261 1228 tres,

294 1267 347 1318 et
372 1263 625 1321 conversi
649 1264 730 1322 ad
754 1274 1013 1324 austrum
1038 1272 1290 1337 cantant,

370 1357 493 1423 ἈΒ
524 1365 759 1424 austro
790 1365 996 1443 portae
1026 1365 1189 1426 tres.

386 1462 578 1529 Quam
605 1463 982 1542 antiphonam
1007 1464 1186 1524 clerus
1212 1462 1501 1543 repetendo
1526 1462 1789 1523 decantat
1813 1481 1941 1523 cum
1959 1460 2210 1541 psalmo.-

378 1556 460 1615 In
484 1558 628 1617 aliis
650 1580 780 1618 vero
820 1560 973 1634 locis,
1002 1560 1102 1619 hoc
1131 1568 1311 1639 spreto
1346 1581 1470 1636 usu,
1500 1568 1645 1621 totas
1682 1560 1860 1620 clerico
1899 1559 2073 1619 simul
2108 1555 2442 1637 praedictam
2469 1553 2618 1613 anti·

291 1651 545 1729 phonam
571 1673 701 1713 cwm
718 1655 944 1732 psalmo
970 1655 1250 1716 decantat.
2606 1682 2612 1688 '

383 1746 513 1818 Qua
540 1756 789 1822 cantata,
816 1749 973 1808 dicat
999 1750 1306 1828 episcopus.

388 1842 717 1909 Dominus
746 1845 1108 1912 vobiscum.
1196 1846 1500 1912 Oremus.

393 1950 656 2015 Oratio.
744 1950 948 2028 Deus,
981 1951 1194 2035 quiin
1238 1950 1695 2037 apostolorum
1735 1955 2001 2017 tuorum
2045 1947 2626 2037 praedieationibus

300 2050 594 2116 ecelesiae
652 2057 781 2117 tuae
838 2054 1030 2139 regni
1090 2053 1380 2119 coelestis
1438 2055 1817 2140 ingressum
1876 2052 2271 2140 praestitisti,
2324 2071 2621 2136 quosque

298 2154 525 2218 mundi
548 2154 904 2221 luminaria
927 2156 1149 2222 vocari
1173 2156 1471 2234 voluisti,
1493 2156 1798 2235 concede,
1822 2176 2217 2241 quaesumus,
2239 2159 2317 2220 ut
2337 2174 2618 2239 quorum

297 2258 547 2323 ducatu
576 2258 987 2344 ingredimur
1029 2265 1101 2326 et
1142 2259 1492 2346 splendore
1538 2259 2015 2336 illuminamur,
2045 2279 2272 2323 eorum
2316 2257 2621 2344 precibus

299 2359 536 2442 adjuti,
567 2361 947 2445 majestatis
990 2365 1121 2426 tuae
1166 2362 1513 2428 obtutibus
1556 2363 1693 2427 haec
1738 2368 1970 2427 nostra
2010 2361 2226 2427 officia
2265 2358 2622 2445 placabilia

300 2463 743 2547 perficiamus.
832 2465 962 2530 Per
989 2464 1367 2531 Dominum.

382 2571 518 2630 Hac
543 2574 776 2650 expleta,
806 2582 1056 2633 cantores
1076 2575 1271 2647 festive
1306 2575 1596 2653 incipiant
1621 2573 1941 2634 introitum.

395 2668 746 2733 Terribilis
777 2674 884 2734 est
912 2669 1101 2735 locus
1129 2670 1301 2735 iste:
1345 2670 1455 2735 hie
1484 2670 1721 2735 domus
1749 2668 1876 2735 Dei
1908 2678 2034 2746 est,
2068 2670 2182 2751 ἕω.
2213 2676 2291 2735 ut
2318 2687 2554 2752 cupra.

394 2772 607 2856 Kyrie
637 2772 929 2857 eleyson,
959 2794 1220 2838 morose
1244 2782 1671 2863 percantent,
1703 2782 1767 2838 et
1797 2782 2066 2838 caetera.
2611 2760 2618 2763 ’

401 2874 665 2939 Oratio,
754 2873 960 2952 Deus,
986 2875 1098 2958 qui
1128 2874 1555 2940 invisibiliter
1578 2874 1802 2939 omnia
1829 2875 2131 2939 contines
2160 2879 2230 2939 et
2249 2876 2478 2939 tamen
2507 2893 2628 2959 pro

311 2977 531 3042 salute
561 2977 830 3062 generis
871 2977 1147 3041 humani
1191 2977 1547 3063 signa-tuae
1579 2976 1891 3061 potentiae
1928 2975 2282 3042 visibiliter
2311 2976 2630 3051 ostendis,

311 3080 636 3165 templum
681 3080 807 3145 hoc
849 3079 1152 3165 potentia
1193 3085 1324 3145 tuae
1377 3079 1885 3145 inhabitationis
1927 3080 2232 3155 illustra;
2278 3085 2355 3145 ut
2397 3099 2633 3144 omnes

312 3183 427 3267 qui
459 3183 588 3246 huc
615 3181 1039 3266 deprecaturi
1070 3182 1488 3260 conveniunt,
1521 3204 1604 3247 ex
1634 3203 2045 3268 quacumque
2074 3182 2504 3248 tribulatione
2548 3181 2633 3246 ad

312 3294 383 3349 te
413 3282 854 3349 clamaverint
894 3283 1370 3350 consolationis
1400 3290 1529 3349 tuae
1558 3285 1881 3350 beneficia
1909 3288 2419 3369 consequantur.
2509 3284 2640 3348 Per

315 3387 693 3452 Dominum.

404 3488 753 3570 Epistola.
843 3488 920 3553 In
969 3487 1205 3554 diebus
1254 3486 1413 3566 illis,
1459 3488 1617 3554 Vidi
1667 3488 2006 3556 civitatem
2056 3492 2349 3555 sanctam
2390 3487 2634 3553 Hieru-

319 3592 555 3658 salem.

412 3691 742 3760 G'radale.
832 3692 1050 3759 Locus
1077 3693 1209 3759 iste
1240 3714 1282 3760 a
1312 3693 1453 3759 Deo
1484 3692 1723 3759 faetus.

421 3798 500 3862 V.
589 3795 793 3875 Deus,
826 3798 932 3862 cui
960 3802 1161 3867 astat.

409 3898 742 3985 Alleluya.
845 3901 921 3965 V.
1010 3900 1320 3965 Adorabo
1350 3900 1434 3965 ad
1467 3899 1810 3985 templum.

318 4005 430 4070 vel
484 4004 790 4068 Tractus.
865 4009 870 4014 “
909 4002 1210 4068 Laudate
1255 4002 1613 4068 Dominum
1666 4024 1894 4070 omnes
1939 4009 2197 4090 gentes,
2243 4008 2306 4071 εἰ
2351 4010 2642 4073 evenerit

320 4112 504 4172 inter
535 4108 1118 4190 Septuayecimam
1150 4116 1213 4171 et
1241 4105 1547 4170 Pascha.

415 4210 797 4272 Secundum
821 4208 1102 4272 Lucam.
1193 4207 1270 4272 In
1297 4206 1413 4272 illo
1435 4214 1753 4294 tempore,
1773 4208 2111 4295 Egressus
2133 4209 2640 4294 perambulabat

326 4310 676 4387 HierichO,
710 4319 774 4375 et
805 4321 1069 4376 coetera.
