3117 5025
1035 377 1451 442 Benedictio
1491 376 1920 440 Chrismatis.
2507 377 2637 441 333

311 561 517 628 Jesus
547 562 864 630 Christus
906 563 1242 631 Dominus
1284 570 1521 630 noster
1565 564 1784 630 lavari
1832 585 1875 629 a
1902 564 1946 630 J
1950 563 2218 630 ohanne
2264 564 2463 630 undis
2494 566 2645 631 Jor-

309 664 573 732 danicis
618 669 985 754 exegisset,
1015 675 1095 734 ut
1140 670 1398 756 Spiritu
1432 670 1678 735 Sancto
1724 670 1793 735 in
1840 670 2158 735 columbae
2205 669 2646 738 similitudine

314 768 609 855 desuper
660 772 888 850 misso,
933 773 1381 859 Unigenitum
1433 779 1650 851 tuum,
1694 773 1767 839 in
1814 794 1948 859 quo
1993 773 2121 838 tibi
2168 774 2417 859 optime
2471 794 2648 839 com-

315 871 688 956 placuisset
732 877 1124 943 testimonio
1173 878 1653 963 subsequentis
1707 878 1891 943 vocis
1946 878 2364 955 ostenderes,
2412 883 2484 942 et
2525 878 2654 942 hoc

316 978 488 1044 illud
518 1001 670 1047 esse
701 983 1258 1048 manifestissime
1290 985 1791 1068 comprobares,
1824 984 2004 1068 quod
2035 1005 2188 1048 eum
2221 982 2369 1048 oleo
2402 982 2651 1048 laetitiae

312 1103 449 1168 prae
480 1086 910 1151 consortibus
944 1088 1087 1152 suis
1119 1087 1556 1173 unguendum
1593 1086 1814 1151 David
1846 1087 2182 1171 propheta
2213 1086 2592 1151 cecinisset.

284 1213 293 1222 ·
405 1185 524 1271 Te,
555 1187 786 1275 igitur,
817 1176 1282 1275 deprecamur,
1314 1190 1625 1266 Domine,
1674 1194 1908 1255 sancte
1953 1189 2182 1266 Pater,
2217 1189 2642 1273 omnipotens

319 1294 569 1356 aeterne
629 1291 837 1371 Deus,
901 1316 1024 1379 per
1084 1295 1367 1377 eundem
1429 1293 1666 1359 Jesum
1732 1293 2076 1358 Christum
2138 1292 2390 1357 Filium
2452 1298 2645 1359 tuum

315 1391 674 1459 Dominum
692 1402 1024 1475 nostrum,
1048 1402 1127 1463 ut
1145 1399 1349 1482 hujus
1375 1402 1701 1462 creaturae
1721 1396 2200 1483 pinguedinem
2224 1396 2643 1462 sanctificare

316 1502 438 1562 tua
487 1498 952 1566 benedictione
1006 1501 1331 1587 digneris,
1388 1505 1457 1565 et
1513 1500 1750 1565 Sancti
1809 1498 2104 1585 Spiritus
2159 1499 2221 1563 ei
2274 1499 2645 1565 admiscere

318 1600 640 1666 virtutem
700 1609 1106 1689 cooperante
1167 1604 1475 1689 potentia
1543 1603 1802 1669 Christi
1860 1602 1986 1680 tui,
2047 1622 2090 1666 a
2148 1601 2252 1684 cuj
2265 1623 2346 1667 us
2413 1609 2649 1668 sancto

315 1705 584 1769 nomine
616 1707 907 1772 chrisma
931 1729 1171 1773 nomen
1195 1707 1476 1793 accepit,
1502 1707 1678 1770 unde
1704 1706 1961 1772 unxisti
1994 1707 2404 1783 sacerdotes,
2427 1726 2647 1793 reges,

309 1809 680 1892 prophetas
711 1816 785 1875 et
825 1817 1181 1896 martyres,
1212 1816 1291 1875 ut
1337 1810 1428 1875 sit
1470 1810 1581 1874 his
1612 1811 1726 1895 qui
1771 1810 1992 1875 renati
2034 1809 2292 1875 fuerint
2336 1832 2420 1874 ex
2464 1831 2642 1895 aqua

308 1914 382 1974 et
413 1911 670 1996 Spiritu
719 1913 966 1979 Sancto
999 1915 1291 1979 chrisma
1336 1913 1599 1991 salutis,
1635 1934 1882 1998 eosque
1928 1919 2190 1979 aeternae
2232 1914 2384 1977 vitae
2428 1914 2639 1999 parti-

315 2013 501 2098 cipes
533 2019 603 2080 et
632 2015 932 2083 coelestis
962 2017 1194 2103 gloriae
1224 2016 1437 2081 facias
1470 2037 1621 2081 esse
1655 2020 2024 2081 consortes.
2115 2015 2249 2081 Per
2277 2016 2584 2081 eundem.

401 2118 771 2177 Exci-ciamus
797 2120 928 2178 olei.

404 2212 611 2291 Deus,
636 2214 752 2299 qui
782 2216 1036 2280 virtute
1071 2215 1299 2281 Sancti
1334 2214 1633 2299 Spiritus
1665 2213 1765 2279 tui
1791 2211 2284 2278 imbecillarum
2312 2215 2639 2281 mentium

310 2316 696 2382 rudimenta
753 2319 1152 2397 confirmas3
1215 2323 1285 2384 te
1346 2338 1642 2393 oramus,
1695 2315 2005 2394 Domine,
2057 2321 2139 2382 ut
2191 2319 2499 2382 venturis
2550 2318 2636 2383 ad

306 2417 530 2499 ‚beatae
560 2422 1099 2505 regenerationis
1143 2421 1489 2486 lavacrum
1536 2420 1800 2485 tribuas
1845 2440 1968 2503 per
2012 2418 2392 2484 unctionem
2440 2420 2641 2485 istius

315 2526 643 2588 creaturae
704 2525 1179 2611 purgationem
1236 2525 1485 2590 mentis
1538 2529 1611 2590 et
1663 2524 1988 2608 corporis,
2043 2529 2122 2590 ut
2172 2524 2227 2588 si
2291 2545 2436 2608 quae
2495 2524 2640 2590 illis

315 2626 820 2694 adversantium
841 2628 1202 2714 spirituum
1234 2628 1562 2694 inhaesere
1593 2628 1916 2713 reliquiae,
1937 2627 2023 2691 ad
2053 2631 2308 2692 tactum
2344 2629 2637 2693 sanctifi-

317 2730 453 2794 cati
484 2730 616 2795 olei
660 2732 865 2816 hujus
910 2732 1297 2808 abscedant,
1330 2731 1561 2797 nullus
1594 2730 2016 2817 spiritalibus
2061 2731 2385 2814 nequitiis
2429 2731 2639 2808 locus,

315 2833 504 2899 nulla
533 2834 791 2920 refugis
823 2836 1191 2901 virtutibus
1237 2838 1328 2902 sit
1358 2836 1676 2912 facultas,
1707 2834 1898 2900 nulla
1928 2835 2408 2900 insidiantibus
2438 2834 2638 2900 malis

315 2936 574 3002 latendi
620 2937 896 3003 licentia
939 2937 1386 3023 relinquatur,
1422 2939 1538 3003 sed
1573 2939 2000 3002 venientibus
2047 2937 2132 3002 ad
2178 2938 2373 3001 fidem
2423 2938 2640 3002 servis

316 3041 456 3105 tuis
487 3046 558 3105 et
590 3041 820 3106 Sancti
853 3041 1146 3126 Spiritus
1178 3043 1279 3108 tui
1311 3044 1701 3128 operatione
1732 3041 2154 3117 mundandis,
2181 3042 2268 3106 sit
2301 3040 2639 3106 unctionis

316 3142 522 3225 hujus
581 3142 968 3225 preparatio
1033 3143 1227 3208 utilis
1287 3145 1371 3208 ad
1436 3143 1746 3219 salutem,
1809 3163 2009 3226 quam
2079 3142 2281 3206 etiam
2346 3141 2637 3205 coelestis

316 3245 853 3329 regenerationis
919 3246 1276 3311 nativitate
1345 3247 1414 3310 in
1492 3251 1913 3311 sacramento
1984 3251 2144 3309 sunt
2210 3244 2639 3329 baptismatis

319 3347 649 3430 adepturi.
739 3347 870 3411 Per
931 3347 1286 3413 Dominum
1340 3353 1648 3414 nostrum
1701 3346 1745 3410 J
1748 3367 1932 3411 esum
1993 3344 2335 3410 Christum
2391 3345 2634 3409 Filium

320 3455 529 3526 tuum,
564 3450 680 3533 qui
710 3455 1036 3515 venturus
1069 3455 1174 3516 est
1211 3452 1514 3537 judicare
1548 3450 1739 3514 vivos
1771 3453 1838 3514 et
1885 3453 2187 3513 mortuos
2222 3455 2290 3512 et
2322 3447 2634 3512 saeculum

325 3574 445 3639 per
473 3553 721 3639 ignem.
813 3554 1047 3618 Amen.
