3117 5025
852 362 1294 428 consecratio
1324 366 1580 431 altaris
1611 369 1756 432 eine
1785 366 2122 431 Ecclesia.
2508 367 2638 432 109

314 560 578 715 d··Tunc
615 564 844 645 ἀείρω
883 586 1035 645 aqua
1070 568 1344 629 crismate
1366 571 1565 648 jaciat
1600 592 1817 632 meem
1853 572 1924 631 in
1960 571 2147 632 medio
2186 591 2391 632 mertam
2425 571 2635 631 ahma

363 680 531 718 ‘lm-

414 756 967 842 Sanctifflficetur
1003 766 1132 832 hoc
1158 766 1400 833 altare.
1486 766 1569 831 In
1597 765 1861 830 nomine
1890 763 2188 839 Paffltris
2217 768 2289 831 et
2317 762 2545 842 Fiux-lii
2573 767 2647 830 et

320 858 618 944 Spiritus
644 863 720 938 *1⁴
751 865 997 934 Sancti.
1086 871 1323 936 Amen.

408 962 552 1028 Pax
580 965 725 1031 tibi.

412 1064 504 1129 Et
534 1089 682 1132 cum
716 1069 959 1156 spiritu
987 1077 1129 1138 tuo·

399 1164 625 1227 Deinde
651 1170 719 1229 in
743 1173 970 1233 dextera
1005 1183 1171 1253 parte
1197 1182 1368 1253 atque
1390 1175 1460 1234 in
1496 1174 1757 1246 sinistra,
1774 1194 1885 1252 per
1916 1179 2161 1250 quatuor
2198 1192 2410 1231 cornua
2437 1171 2643 1231 altaris

298 1265 503 1343 faciat
540 1270 811 1332 similiter
835 1296 1042 1348 cruces,
1065 1285 1313 1356 repetens
1340 1279 1408 1336 in
1447 1277 1695 1355 qualibet
1719 1275 1983 1335 unctione
2006 1275 2172 1333 verba
2204 1274 2507 1352 praemissa
2526 1295 2552 1348 ;
2590 1282 2643 1334 et

324 1372 519 1441 postea
546 1388 674 1425 cum
700 1369 932 1448 hympo
958 1382 1219 1456 asperqat
1245 1374 1317 1433 de
1337 1373 1535 1452 prima
1562 1394 1717 1451 aqua
1741 1394 1857 1431 nen
1882 1371 2171 1430 crismata.
2243 1403 2245 1405 v

403 1459 625 1519 Eodem
644 1465 808 1523 modo
834 1475 1120 1543 repetatur
1134 1490 1247 1547 pro
1266 1470 1506 1546 quolibet
1532 1467 1729 1539 altari,
1750 1467 1806 1524 si
1820 1465 2001 1543 plwra
2025 1472 2156 1523 sunt
2178 1484 2202 1535 ,·
2240 1463 2432 1541 ipsum
2458 1464 2644 1523 altare

312 1562 521 1631 septem
548 1557 763 1616 vicibus
801 1560 888 1618 vel
924 1561 1104 1620 tribus
1143 1562 1500 1640 asperyendO,
1529 1559 1858 1640 incipiendo
1898 1558 2273 1637 antiphonam
2310 1565 2641 1636 sequentem,

319 1668 496 1724 quam
524 1651 718 1711 cleriei
734 1664 1167 1733 prosequantur.

301 1817 364 1833 -

414 1935 760 2023 Aspen-ges
832 1961 940 2005 me
998 1941 1320 2028 bysso-po
1370 1947 1442 2007 et
1484 1940 1764 2005 mun-da
1792 1978 1820 1990 -
1845 1940 1971 2005 bor
2042 1937 2112 2003 la
2142 1976 2169 1989 -
2198 1959 2287 2003 va
2316 1975 2343 1988 -
2372 1937 2479 2001 bis
2536 1957 2643 2000 me

316 2116 1760 2237 Q·

318 2264 392 2324 et
438 2281 671 2348 su-per
700 2263 770 2327 ni
801 2303 829 2315 -
858 2286 1008 2331 vem
1040 2266 1121 2331 de
1152 2305 1180 2317 -
1210 2267 1277 2332 al
1309 2304 1337 2318 -
1367 2267 1455 2332 ba
1484 2305 1511 2317 -
1539 2268 1682 2331 bor.

1237 2466 1806 2541 3:¹3¹ss

406 2589 498 2653 In
532 2598 828 2672 tempore
855 2592 1216 2671 Paschali,
1247 2594 1315 2658 al
1345 2631 1372 2643 -
1402 2592 1467 2656 le
1498 2631 1526 2643 -
1555 2592 1762 2676 lu·ya.

403 2915 525 2980 Pe.
615 2915 1034 2981 Mi·se—re-re
1062 2939 1170 2981 me
1201 2956 1229 2968 -
1256 2917 1282 2980 i
1311 2916 1413 2982 De
1443 2955 1471 2967 -
1501 2937 1605 2981 us.
1693 2916 1757 2980 A
1785 2952 1815 2968 -
1874 2953 1901 2965 -
1930 2936 2105 2981 men.

405 3013 571 3074 Tunc
596 3017 881 3095 episcopus
905 3018 1129 3076 rediens
1154 3018 1234 3076 ad
1257 3018 1503 3094 qradum
1528 3016 1754 3091 altaris,
1781 3017 1957 3076 dicat.

408 3110 712 3177 Oremus.

411 3213 680 3278 Oratio.
769 3214 1062 3281 Pateant
1118 3215 1204 3280 ad
1255 3214 1382 3279 hoc
1439 3213 1659 3280 altare
1718 3234 1918 3279 aures
1967 3214 2436 3280 misericordiae
2486 3219 2640 3295 tuae,

318 3337 719 3401 quaesumuS,
772 3315 1078 3394 Domine,
1122 3309 1435 3401 precibus
1489 3317 2033 3402 supplicantium,
2080 3323 2149 3382 et
2199 3319 2492 3402 gratiam
2543 3320 2644 3384 di·-

298 3419 622 3484 .vinitatis
644 3423 776 3484 tuae
808 3441 929 3504 per
956 3421 1377 3505 praesentiam
1413 3420 1640 3485 Sancti
1668 3419 1958 3505 Spiritus
1991 3440 2193 3504 super
2213 3420 2395 3484 istud
2424 3421 2641 3487 altare

314 3522 683 3588 clementer
713 3542 1021 3607 asperge,
1052 3544 1130 3587 ac
1174 3523 1633 3587 intercedente
1663 3522 1866 3587 beata
1894 3520 2023 3586 Dei
2068 3522 2390 3606 genitrice
2423 3523 2646 3589 Maria

313 3646 467 3689 cum
512 3624 710 3688 beato
751 3623 864 3700 N„
895 3624 966 3687 in
1006 3625 1199 3707 cujus
1240 3625 1676 3689 veneratione
1719 3624 1847 3687 hoc
1890 3623 2108 3690 altare
2153 3644 2641 3705 consecramus,

314 3748 535 3792 annue
581 3730 660 3790 ut
701 3726 839 3791 vivi
869 3725 1129 3811 lapides
1173 3748 1295 3811 per
1321 3732 1393 3791 te
1437 3727 1781 3811 erigamur
1824 3726 1890 3790 in
1938 3726 2141 3803 coelis,
2167 3727 2377 3791 sacris
2420 3733 2641 3794 tecum

313 3830 736 3915 permansuri
780 3829 1093 3906 aedificiis,
1125 3835 1326 3914 atque
1372 3834 1449 3894 ut
1486 3829 1873 3914 petentibus
1916 3829 2025 3893 hic
2068 3829 2449 3896 desiderata
2488 3854 2643 3898 con-

311 3931 533 4007 cedas,
566 3930 889 3997 Paracliti
933 3932 1034 3996 tui
1055 3931 1450 4015 inspirante
1481 3931 1856 4008 clementia,
1888 3932 2088 3995 corda
2126 3937 2361 3997 nostra
2404 3934 2640 4001 divinae

303 4034 646 4120 sapientiae
677 4033 1097 4098 condimento
1121 4033 1486 4099 clementer
1516 4055 1836 4119 expurga,
1860 4037 1939 4099 ut
1967 4033 2092 4098 tibi
2121 4034 2374 4118 placita
2402 4044 2634 4122 postu-

308 4136 476 4213 lare,
508 4139 580 4201 et
621 4135 838 4221 petita
883 4156 924 4200 a
945 4140 1037 4206 ,te
1082 4136 1444 4221 dignanter
1486 4157 1528 4200 a
1555 4141 1626 4202 te
1672 4136 1975 4201 obtinere
2020 4157 2416 4203 mereamur.
2503 4141 2634 4207 Per

307 4237 598 4303 eundem
657 4236 1018 4302 Dominum
1079 4241 1403 4303 nostrum.
1514 4237 1598 4303 In
1656 4236 1921 4304 unitate
1981 4236 2278 4321 ejusdem
2342 4241 2631 4327 Spiritus

306 4340 544 4407 Sancti
572 4338 778 4404 Deus.
