3117 5025
523 390 654 457 316
1164 393 1267 459 De
1305 393 1678 460 Ordinibus
1713 392 2177 478 Censeo-endis.

524 648 563 674 „
587 599 896 664 secundis
914 599 1460 685 praedicatoribus
1479 599 1944 684 impleverunt.
2030 601 2451 687 Quapropter
2469 600 2843 665 infirmitati

530 725 852 790 „quoque
897 709 1163 780 nostrae,
1196 703 1505 780 Domine,
1537 725 1917 789 quaesumus
1960 706 2098 769 haec
2129 704 2522 789 adjumenta
2565 704 2841 789 largire,

529 858 567 885 ,‚
589 808 702 894 qui
745 812 1017 891 'quanto
1076 806 1293 892 magis
1353 806 1736 893 fragiliores
1808 829 2061 884 sumus,
2116 813 2309 877 tanto
2367 808 2475 873 his
2534 806 2842 891 pluribus

531 960 569 988 ,‚
590 910 986 996 indigemus.
1077 908 1201 985 Da,
1224 929 1623 993 quaesumus‚
1643 911 2064 995 omnipotens
2090 911 2315 986 Pater,
2334 910 2402 974 in
2422 911 2598 973 hunc
2628 909 2845 974 famu-

531 1014 731 1091 „lum
761 1019 950 1078 tuum
983 1012 1387 1097 presbyterii
1431 1012 1852 1098 dignitatem,
1884 1014 2132 1079 innova
2177 1015 2243 1077 in
2289 1013 2656 1077 visceribus
2696 1014 2845 1096 ejus

533 1167 574 1194 „
597 1116 917 1202 Spiritum
963 1115 1385 1191 sanctitatis3
1440 1122 1784 1201 acceptum
1825 1139 1867 1181 a
1911 1123 2001 1193 te,
2046 1116 2254 1193 Deus,
2303 1116 2574 1180 secundi
2621 1115 2846 1179 meriti

532 1240 834 1299 „munus
867 1219 1189 1295 obtineat,
1221 1240 1704 1304 censuramque
1734 1242 1992 1284 morum
2037 1221 2345 1304 exemplo
2393 1240 2526 1284 suae
2573 1241 2848 1284 conver-

537 1322 883 1402 „sationis
925 1322 1239 1385 insinuet.
1334 1321 1435 1386 Sit
1481 1324 1729 1408 probus
1775 1330 2170 1408 cooperator
2213 1323 2467 1386 ordinis
2507 1322 2744 1399 nostri,
2778 1327 2850 1387 et

537 1427 824 1505 „luceat
867 1426 934 1488 in
970 1445 1048 1488 eo
1092 1425 1305 1489 totius
1336 1424 1553 1489 forma
1588 1426 1892 1509 justitiae,
1923 1433 2022 1503 ut,
2054 1427 2297 1490 bonam
2344 1426 2674 1491 rat-ionem
2706 1426 2845 1489 dis-

541 1579 578 1607 „
604 1529 1021 1615 pensationis
1084 1527 1222 1607 sibi,
1278 1528 1547 1592 creditae
1611 1529 2018 1605 reddituruS,
2079 1533 2340 1595 aeternae
2409 1528 2848 1594 beatitudinis

542 1682 582 1708 „
607 1631 878 1717 proemia
911 1636 1380 1714 consequatur.
1468 1630 1601 1694 Per
1627 1629 2003 1696 Dominum.

565 1784 581 1812 ,
696 1733 1189 1798 consecrentur
1217 1755 1455 1798 manus
1475 1733 1624 1797 istae
1654 1755 1775 1819 per
1803 1735 2005 1800 istam
2036 1734 2419 1799 unctionem
2444 1740 2515 1799 et
2544 1741 2846 1801 nostram

540 1886 585 1915 „
604 1836 1152 1912 benedictionem,
1178 1841 1256 1900 ut
1284 1856 1688 1921 quoecnnque
1711 1837 2199 1913 benedixerint,
2220 1836 2572 1903 benedicta
2596 1837 2753 1914 sint,
2778 1846 2849 1903 et

539 1990 579 2019 „
606 1960 1010 2024 quaecunque
1043 1937 1609 2004 sanctificaverint
1641 1941 2159 2005 sanctificentur.
2251 1940 2399 2004 Per.
