3117 5025
468 405 594 469 366
1280 407 1693 471 Ordination
1726 406 1934 472 Lista.

548 578 887 643 Robertus
964 576 1317 663 Hoperton
1395 581 1480 644 ad
1557 581 1832 645 titulum
1906 582 2141 646 domus
2217 577 2607 646 monialium
2658 576 2765 657 „de

2310 684 2762 769 Kirkeleghes

542 788 584 851 J
591 789 890 852 ohannes
924 787 1367 874 Brakynbury
1402 788 1714 854 Dunelm.
1747 791 1913 856 dioc.
1948 793 2032 856 ad
2063 771 2341 856 titulum
2376 787 2766 853 monasterii

1414 894 1495 957 de
1528 894 1863 980 Egleston
1898 918 2021 980 per
2051 896 2291 960 literas
2324 893 2768 959 dimissorias.

546 997 878 1083 Georgius
907 996 1316 1061 Leilbourne
1364 996 1676 1061 Dunelm.
1703 999 1879 1063 dioc.
1929 1000 2013 1064 ad
2059 1000 2335 1064 titulum
2377 997 2769 1062 monasterii

1405 1101 1486 1165 de
1519 1103 1901 1168 Albalanda
1932 1126 2051 1189 per
2082 1105 2321 1169 literas
2353 1102 2770 1167 dimissorias

551 1207 593 1271 J
600 1209 898 1273 ohannes
929 1204 1309 1270 Walbanke
1342 1206 1425 1270 ad
1457 1207 1732 1271 titulum
1765 1209 2163 1273 monasterii
2196 1210 2278 1273 de
2312 1208 2511 1293 Selby

553 1312 946 1375 Willelmus
980 1311 1341 1375 Bursoowe
1375 1311 1459 1375 ad
1490 1311 1768 1376 titulum
1800 1314 2201 1378 monasterii
2234 1314 2315 1376 de
2353 1312 2555 1395 Selby

556 1417 897 1481 Henrious
927 1414 1335 1499 Langeaker
1362 1414 1446 1478 ad
1478 1415 1755 1481 titulum
1788 1418 2131 1501 prioratus
2164 1418 2244 1481 de
2279 1415 2544 1482 Malton

555 1521 885 1585 Ricardus
917 1519 1211 1583 Pereson
1246 1518 1330 1582 ad
1362 1517 1634 1583 titulum
1668 1521 1905 1585 domus
1928 1521 2322 1585 monialium
2353 1520 2434 1583 de
2467 1518 2774 1600 Molseby

547 1624 883 1689 Robertus
938 1621 1448 1705 Chambirleyne
1505 1620 1865 1686 Carliolen.
1914 1624 2083 1688 dioc.
2133 1624 2217 1689 ad
2269 1622 2545 1688 titulum
2591 1621 2768 1705 prio-

1716 1734 1908 1792 ratus
1939 1729 2023 1792 de
2055 1728 2341 1793 Watton
2375 1747 2498 1813 per
2528 1726 2774 1789 literas

2347 1829 2768 1894 dimissorias

553 1937 892 2001 Robertus
924 1931 1267 1998 Thwaites
1297 1933 1381 1997 ad
1414 1932 1691 1997 titulum
1723 1936 2068 2020 prioratus
2099 1936 2180 1999 de
2212 1934 2486 2019 Helagh
2521 1933 2698 1997 Park

558 2039 946 2105 Willelmus
977 2037 1125 2102 Bell
1158 2038 1243 2102 ad
1273 2039 1548 2104 titulum
1583 2041 1977 2104 monasterii
2010 2040 2090 2104 de
2123 2037 2619 2117 Thorneholme

557 2145 945 2212 Willelmus
1038 2143 1271 2228 Smyth
1362 2144 1446 2208 ad
1523 2143 1798 2208 titulum
1891 2145 2127 2209 domus
2209 2144 2599 2209 monialium
2690 2142 2771 2206 de

2358 2246 2771 2339 Kirkleghes

555 2353 883 2420 Ricardus
969 2349 1241 2414 Wilson
1325 2350 1410 2414 ad
1501 2350 1779 2415 titulum
1880 2351 2115 2415 domus
2207 2351 2599 2416 monialium
2690 2350 2770 2413 de

2324 2455 2778 2541 Kirkeleghes

560 2562 889 2647 Georgius
912 2559 1132 2624 Bruke
1154 2558 1238 2623 ad
1262 2557 1536 2622 titulum
1557 2559 1793 2623 domus
1818 2559 2206 2624 monialium
2227 2560 2308 2622 de
2327 2559 2780 2644 Kirkeleghes

561 2666 933 2731 Edwardus
964 2664 1146 2748 Payn
1177 2662 1261 2726 ad
1306 2652 1582 2727 titulum
1628 2664 2022 2728 monasterii
2068 2665 2149 2728 de
2195 2664 2445 2750 Heppa
2487 2662 2777 2728 Karliol.
2866 2649 2875 2660 ⁴

1729 2769 1903 2834 dioc.
1937 2791 2057 2855 per
2089 2771 2327 2835 literas
2359 2772 2776 2849 dimissorias

551 2879 591 2943 J
598 2879 900 2942 ohannes
929 2875 1138 2939 Rotce
1172 2874 1253 2938 ad
1288 2872 1567 2936 titulum
1599 2873 1835 2937 domus
1868 2874 2258 2939 monialium
2292 2876 2374 2939 de
2406 2875 2735 2940 Rosedale

552 2979 1010 3047 Christoferus
1047 2976 1287 3041 Waike
1321 2976 1405 3040 ad
1439 2975 1717 3040 titulum
1752 2978 2094 3062 prioratus
2127 2979 2208 3042 de
2243 2979 2541 3044 Wartre.

563 3087 855 3151 Thomas
889 3080 1234 3145 Blithman
1267 3082 1347 3143 ad
1382 3079 2087 3145 titulum‘monasterii
2117 3082 2199 3146 de
2238 3082 2437 3165 Selby

562 3190 899 3254 Robertus
991 3182 1313 3246 Hudeson
1392 3182 1478 3245 ad
1553 3182 1824 3247 titulum
1901 3184 2135 3248 domus
2210 3184 2603 3249 monialium
2696 3187 2779 3248 de

1487 3282 1494 3288 ’
2233 3289 2776 3375 Walliugwelles

564 3400 604 3464 J
609 3399 909 3463 ohannes
941 3394 1176 3457 Moore
1209 3389 1293 3455 ad
1326 3389 1603 3454 titulum
1634 3392 2028 3455 monasterii
2064 3393 2145 3456 de
2177 3392 2366 3478 Rupe

559 3504 897 3569 Robertus
929 3499 1289 3581 Robynson
1319 3494 1631 3558 Dunelm.
1663 3496 1833 3560 dioo.
1867 3496 1950 3559 ad
1995 3496 2267 3561 titulum
2304 3498 2538 3562 domus
2570 3500 2779 3562 moni-

1205 3665 1212 3668 ,
1292 3598 1517 3672 ‚alium
1538 3599 1620 3661 de
1642 3600 1942 3664 Mai-rike
1962 3622 2085 3686 per
2105 3601 2343 3666 literas
2363 3602 2786 3667 dimissorias

568 3714 609 3778 J
615 3713 911 3776 ohannes
945 3705 1191 3771 Colson
1223 3704 1307 3768 ad
1338 3703 1611 3767 titulum
1645 3704 1880 3768 domus
1911 3706 2300 3770 monialium
2333 3707 2415 3770 de
2447 3706 2781 3792 Molseby=

569 3815 897 3899 Georgius
929 3810 1135 3875 Reide
1170 3809 1251 3872 ad
1285 3808 1564 3871 titulum
1599 3808 1838 3871 domus
1869 3808 2260 3872 monialium
2294 3809 2375 3872 de
2410 3810 2756 3874 Grendaill

553 3918 880 3986 Ricardus
907 3914 1144 3979 Olerke
1170 3910 1480 3975 Dunelm.
1507 3911 1676 3975 dioc.
1711 3912 1792 3975 ad
1817 3911 2091 3976 titulum
2123 3913 2362 3977 domus
2384 3914 2774 3978 monialium

716 4001 724 4006 ’
1291 4043 1299 4053 ·
1423 4015 1504 4079 de
1538 4016 1606 4079 N
1609 4015 1907 4079 eishame
1941 4037 2062 4099 per
2090 4015 2327 4081 literas
2359 4017 2779 4092 dimissorias

564 4127 888 4211 Georgius
912 4120 1228 4186 Fletcher
1258 4119 1340 4183 ad
1374 4117 1648 4182 titulum
1681 4119 1917 4182 domus
1937 4118 2326 4183 monialium
2359 4120 2439 4183 de
2474 4120 2779 4207 Molseby

561 4234 896 4298 Robertus
925 4224 1271 4310 Lyndesey
1303 4220 1612 4285 Dunelm.
1647 4222 1814 4286 dioc.
1848 4223 1932 4286 ad
1964 4222 2234 4286 titulum
2265 4223 2658 4288 monasterii
2690 4227 2772 4289 de

1550 4325 1899 4391 Alnewike
1931 4349 2052 4410 per
2082 4328 2319 4393 literas
2351 4329 2773 4396 dimissorias

561 4439 881 4509 Girardus
916 4435 1119 4519 Colyn
1154 4433 1236 4497 ad
1271 4429 1544 4496 titulum
1579 4431 1923 4515 prioratus
1956 4433 2036 4496 de
2071 4432 2332 4497 Malton
