3117 5025
1137 402 1499 469 Dedicatio
1530 398 1878 469 Ecclesioe.
2576 397 2657 465 71

340 652 2659 752 Μ

343 814 542 881 Dc-i
585 821 890 880 sanctum
942 821 1049 880 est
1100 815 1276 900 quod
1327 835 1401 881 cs
1431 852 1460 865 -
1488 852 1517 866 -
1546 814 1639 879 tis
1694 835 1813 879 vos
1864 834 1986 900 pro
2034 813 2255 898 cu-jus
2307 834 2350 878 a
2380 850 2407 862 -
2436 835 2575 877 mo·
2592 833 2668 877 re

342 963 2672 1109 w

345 1146 448 1190 cc·
465 1125 686 1189 le-bra
703 1161 730 1173 -
748 1124 840 1190 tis
896 1126 1013 1190 ho·
1032 1123 1100 1189 di
1119 1162 1147 1175 -
1167 1145 1207 1189 e
1253 1145 1417 1211 gau-
1438 1123 1506 1189 di
1526 1166 1552 1178 -
1573 1145 1616 1189 a
1644 1122 1910 1209 tem-pli
1964 1129 2103 1189 tem
2134 1161 2162 1174 -
2191 1157 2219 1171 -
2249 1160 2277 1174 -
2309 1160 2337 1173 -
2371 1143 2454 1208 po
2473 1160 2501 1174 -
2532 1158 2559 1170 -
2591 1142 2664 1186 re

341 1272 649 1390 Ξ

342 1418 520 1486 festi.

268 1505 277 1516 .
1092 1575 1992 1609 ω
2028 1576 2045 1606 Ι
2083 1574 2508 1606 -Ἷ-

423 1712 774 1779 Psalmus.
861 1714 1220 1780 Lau-da-te
1251 1713 1671 1779 Domi-num
1700 1734 1928 1778 omnes
1958 1735 2089 1801 gen
2139 1751 2166 1763 -
2198 1751 2226 1764 -
2274 1717 2400 1779 tes.

418 1850 536 1909 His
559 1850 823 1929 peractis,
852 1850 1012 1909 dicat
1036 1849 1324 1928 episcopus
1350 1848 1450 1909 hoc
1476 1848 1661 1909 mode.

439 1947 742 2012 Oremus.

437 2051 702 2125 Oratio,
724 2058 802 2112 ut
830 2069 1067 2130 supra.
1155 2045 1436 2111 Domine
1458 2051 1710 2125 sancte,
1735 2047 1935 2113 Pater
1958 2046 2396 2134 omnipotens,
2419 2050 2664 2113 aeterne

341 2151 545 2229 Deus,
593 2155 855 2216 creator
903 2150 1048 2215 coeli
1094 2152 1165 2215 et
1207 2155 1422 2227 terrae,
1460 2151 1670 2216 maris
1714 2156 1786 2215 et
1828 2152 2121 2216 omnium
2162 2152 2662 2229 elementorum,

349 2253 685 2341 supplices
727 2252 1148 2338 majestatem
1193 2259 1381 2318 tuam
1426 2273 1780 2318 exoramus
1832 2259 1902 2319 et
1944 2254 2253 2340 petimus,
2297 2260 2374 2320 ut
2416 2253 2665 2334 bene-1⁴

345 2357 567 2422 dicere
601 2362 672 2421 et
702 2356 1187 2443 sanctifflficare
1228 2355 1522 2442 digneris
1551 2357 1677 2421 hoc
1706 2355 1920 2421 altare
1960 2379 2044 2422 ex
2074 2357 2336 2443 lapidea
2365 2365 2671 2423 creatura

344 2466 466 2526 tua
495 2480 700 2525 manu
728 2458 1016 2523 hominis
1045 2458 1572 2544 adquadratum:
1620 2459 1794 2525 sicut
1832 2460 2218 2526 benedicere
2248 2461 2565 2548 dignatus
2594 2481 2670 2526 es

339 2563 560 2628 altare
591 2561 758 2627 illud
789 2562 964 2647 quod
995 2561 1146 2626 Noe
1178 2567 1334 2647 post
1361 2567 1776 2629 transactum
1808 2563 2217 2650 cataclysma
2245 2586 2367 2650 per
2395 2565 2672 2628 verbum

341 2670 647 2732 sanctum
678 2670 868 2730 tuum
914 2663 983 2728 in
1015 2665 1281 2730 nomine
1325 2665 1451 2729 Dei
1482 2666 1708 2731 Patris
1754 2666 2231 2751 omnipotentis
2278 2666 2668 2744 aedificavit3

344 2789 549 2854 super
579 2769 753 2852 quod
784 2766 1052 2833 diversa
1080 2768 1449 2833 animantia
1491 2773 1689 2833 terrae
1721 2769 1948 2835 oblata
1979 2774 2136 2835 sunt
2177 2769 2425 2835 munda
2454 2773 2525 2835 et
2551 2770 2673 2832 im-

341 2870 634 2947 munda3
699 2869 815 2935 sed
875 2869 1216 2933 immunda
1272 2870 1342 2932 in
1403 2871 1622 2956 figura
1677 2870 2051 2956 gentilium,
2114 2894 2257 2957 quae
2317 2893 2360 2937 a
2420 2872 2673 2957 Spiritu

343 2972 588 3037 Sancto
639 2972 983 3048 mundata,
1035 2976 1108 3035 et
1157 2971 1226 3034 in
1279 2971 1545 3035 odorem
1608 2974 1963 3038 suavitatis
2015 2978 2289 3061 accepta
2342 2976 2673 3061 scriptura

341 3080 904 3140 commemorante
949 3074 1425 3165 cognovimus3
1473 3075 1897 3160 suscipiatur,
1939 3098 2335 3160 quaesumus,
2366 3078 2669 3155 Domine,

344 3179 522 3265 apud
575 3183 644 3243 te
698 3179 807 3243 hic
860 3178 1279 3263 suppositum
1333 3178 1728 3243 sacrificium
1781 3181 2217 3265 quodcunque
2270 3202 2389 3266 per
2430 3202 2674 3247 manus

343 3280 713 3348 sacerdotis
744 3281 865 3348 tibi
897 3281 1102 3346 fuerit
1131 3282 1448 3361 oblatum,
1480 3288 1551 3348 et
1580 3285 1886 3368 proficiat
1930 3286 2365 3352 offerentibus
2396 3292 2466 3352 et
2495 3308 2673 3352 com-

347 3384 853 3449 municantibus
881 3383 950 3447 in
979 3384 1186 3449 vitam
1218 3390 1553 3451 aeternam.
1643 3385 1775 3451 Per
1803 3388 2104 3452 eundem.

416 3483 622 3545 Postea
663 3486 951 3565 episcopas
987 3507 1155 3564 super
1192 3487 1389 3559 altare,
1421 3489 1489 3549 in
1527 3489 1714 3549 medio
1751 3497 1803 3549 et
1839 3490 1908 3550 in
1945 3499 2188 3567 quatuor
2225 3493 2459 3573 anqulos
2526 3496 2666 3574 ejas,

358 3583 543 3656 faciat
565 3603 782 3641 crucem
807 3582 876 3640 de
902 3582 1016 3640 oleo
1041 3590 1248 3654 sanctO,
1279 3583 1499 3665 dicens.-

433 3677 918 3763 Oonsecffirare
951 3683 1021 3743 ct
1062 3678 1555 3758 sanctifflficare
1593 3681 1910 3767 digneris,
1941 3682 2223 3750 Domine
2268 3686 2471 3768 Deus,
2501 3688 2673 3777 lapi-

345 3780 496 3845 dem
548 3782 756 3845 istum
807 3801 927 3865 per
974 3781 1177 3846 istam
1229 3783 1608 3847 unctionem
1660 3790 1731 3850 et
1774 3792 2075 3853 nostram
2127 3789 2673 3862 benedictionem.

349 3883 479 3948 Per
511 3881 850 3947 Christum
883 3881 1240 3947 Dominum
1271 3890 1594 3949 nostrum.
1685 3886 1920 3953 Amen.

429 3986 679 4064 Require
705 3986 1000 4045 residuum
1026 3987 1092 4046 in
1120 3989 1527 4048 consecratione
1554 3989 1777 4050 altaris.

433 4081 740 4159 Domine,
799 4082 884 4146 ad
943 4087 1012 4147 te
1080 4082 1409 4169 dirigatur
1468 4086 1683 4151 oratio
1742 4108 1912 4167 mea,
1973 4089 2149 4157 sicut
2203 4092 2544 4162 incensum
2604 4099 2672 4163 in

345 4191 705 4270 conspectu
733 4185 1111 4269 majestatis
1141 4192 1301 4265 tuae,

430 4288 776 4353 Psalmus.
862 4288 1146 4354 Domine
1177 4291 1479 4357 clamavi.

426 4388 658 4449 Deinde
697 4390 986 4471 episcopus
1026 4390 1332 4452 circumeat
1372 4394 1658 4456 ecclesiam
1700 4397 1856 4457 ‘lutus
1872 4418 1984 4477 per
2011 4400 2283 4478 parietes,
2312 4410 2362 4460 et
2403 4404 2680 4484 incipiens
