3117 5025
483 401 609 465 182
1116 403 1640 468 Benedictionee
1670 400 2151 485 Episcopales.

554 605 891 667 Benedictio
915 607 984 666 de
1008 629 1206 686 :pomo
1233 616 1285 669 et
1308 628 1531 688 sponsa.

560 822 997 909 Omnipotens
1047 822 1253 903 Deus,
1292 824 1407 909 qui
1460 823 1713 909 primos
1764 828 2082 910 parentes
2129 829 2400 891 nostros
2451 824 2664 891 Adam
2718 831 2790 889 et

474 927 688 993 Evam
733 947 857 992 sua
898 927 1150 992 virtute
1197 928 1473 1004 creavit,
1517 950 1769 1012 suaque
1814 929 2274 994 benedictione
2321 929 2786 1004 sanctificavit,

473 1041 545 1097 et
594 1031 665 1095 in
720 1050 844 1095 sua
888 1031 1211 1096 societate
1257 1031 1620 1115 copulavit,
1667 1032 1811 1117 ipse
1864 1032 2065 1109 corda
2113 1038 2185 1097 et
2228 1052 2509 1116 corpora
2558 1036 2789 1095 vestra

475 1135 849 1202 sanctificet
892 1141 962 1200 et
1004 1135 1374 1213 benedicat,
1405 1140 1610 1219 atque
1655 1136 1722 1200 in
1758 1137 2150 1203 societatem
2190 1156 2363 1202 verae
2408 1136 2787 1201 dilectionis

475 1241 861 1324 conjungat.
951 1238 1186 1302 Amen.

561 1340 818 1426 Quique
849 1340 933 1405 ad
974 1338 1444 1425 praeparandas
1476 1338 1699 1404 Tobiae
1731 1346 1802 1405 et
1848 1340 2025 1406 Sarae
2053 1341 2325 1426 nuptias
2369 1341 2784 1426 Raphaelem

469 1443 782 1528 angelum
811 1442 1017 1518 misit,
1043 1442 1187 1526 ipse
1212 1462 1255 1505 a
1285 1443 1593 1527 supernis
1619 1442 1889 1507 sedibus
1912 1443 2225 1528 angelum
2253 1464 2444 1507 suum
2478 1448 2782 1508 sanctum

473 1547 724 1621 mittat,
777 1544 893 1628 qui
954 1565 1074 1608 vos
1133 1544 1199 1607 in
1266 1564 1386 1608 suo
1446 1548 1680 1608 sancto
1740 1546 2015 1610 servitio
2068 1546 2421 1622 confortet,
2474 1547 2782 1630 viamque

462 1654 743 1739 justitiae
774 1653 1105 1728 ostendat,
1132 1658 1201 1717 et
1230 1655 1552 1738 perpetuo
1585 1653 1670 1716 ab
1702 1653 1880 1717 omni
1912 1653 2087 1718 malo
2118 1653 2455 1718 defendat.
2543 1655 2780 1717 Amen.

557 1757 647 1821 Et
678 1756 792 1840 qui
824 1755 1264 1839 Unigenitum
1297 1754 1543 1818 Filium
1579 1775 1770 1818 suum
1802 1755 2164 1820 Dominum
2209 1761 2516 1821 nostrum
2546 1758 2589 1821 J
2593 1778 2784 1821 esum

471 1859 819 1924 Christum
866 1857 1356 1940 redemptorem
1410 1856 1643 1919 mundi
1695 1857 1915 1922 voluit
1964 1857 2046 1921 de
2099 1858 2360 1942 virgine
2412 1859 2622 1934 nasci,
2669 1858 2786 1942 qui

472 1982 596 2025 sua
638 1960 997 2045 praesentia
1044 1979 1296 2042 suoque
1340 1957 1667 2023 miraculo
1711 1959 1980 2045 nuptias
2033 1960 2469 2037 consecravit,
2515 1960 2782 2045 quando

471 2083 713 2147 aquam
771 2063 839 2125 in
901 2062 1128 2124 vinum
1187 2060 1542 2136 convertit,
1604 2060 1749 2144 ipse
1809 2061 2065 2147 nuptiis
2122 2062 2370 2126 vestris
2430 2063 2786 2142 interesse,

474 2186 725 2249 vosque
757 2164 1076 2248 dignetur
1105 2162 1498 2227 benedicere
1532 2167 1604 2227 et
1635 2164 2076 2229 sanctificare.
2167 2164 2403 2230 Amen.

559 2268 748 2355 Quod
779 2267 946 2353 ipse.

552 2491 647 2553 De
679 2491 929 2552 Litania
957 2488 1204 2568 Majori.
1241 2522 1247 2528 -

558 2710 992 2794 Omnipotens
1024 2706 1207 2772 Deus
1248 2707 1670 2774 devotionem
1716 2714 2013 2775 vestram
2055 2711 2414 2796 dignanter
2455 2711 2781 2790 intendat,

468 2823 538 2880 et
570 2836 701 2879 suae
731 2811 920 2877 vobis
951 2810 1434 2876 benedictionis
1464 2811 1640 2877 dona
1671 2814 2011 2878 concedat.
2099 2817 2337 2879 Amen.

559 2914 919 2997 Indulgeat
948 2912 1138 2976 vobis
1161 2912 1341 2976 mala
1371 2914 1596 2978 omnia
1617 2935 1759 2997 quae
1783 2915 2114 2999 gessistis,
2139 2922 2211 2981 et
2240 2917 2498 2981 tribuat
2519 2916 2780 2981 veniam

475 3037 676 3103 quam
708 3017 791 3081 ab
826 3035 904 3078 eo
936 3013 1321 3099 deposcitis
1415 3017 1651 3080 Amen.

561 3119 800 3201 Sicque
826 3116 1073 3200 jejunii
1119 3118 1330 3181 vestri
1376 3123 1446 3182 et
1489 3139 1763 3202 precum
1802 3125 1962 3185 vota
2007 3121 2354 3207 suscipiat,
2385 3127 2464 3186 ut
2507 3143 2550 3186 a
2593 3124 2785 3187 vobis

472 3224 757 3289 adversa
780 3221 1002 3285 omnia
1035 3242 1178 3305 quae
1202 3229 1630 3305 peccatorum
1652 3223 2095 3288 retributione
2127 3225 2473 3288 meremini
2497 3231 2785 3304 avertat,

475 3333 545 3390 et
574 3323 819 3389 donum
851 3323 922 3386 in
953 3343 1073 3388 vos
1107 3322 1399 3409 Spiritus
1430 3324 1753 3390 Paracliti
1783 3325 2111 3391 infundat.
2200 3326 2439 3390 Amen.

559 3427 748 3512 Quod
778 3427 944 3511 ipse.

549 3648 639 3706 De
672 3645 887 3706 Sancta
925 3644 1224 3704 Trinitate
1240 3666 1353 3724 per
1378 3654 1555 3706 totum
1583 3668 1821 3709 annum.
1905 3649 2265 3710 Benedictio.

559 3857 999 3944 Omnipotens
1050 3857 1258 3937 Deus,
1304 3860 1527 3938 Pater,
1584 3867 1654 3927 et
1703 3864 1940 3942 Filius,
1995 3870 2063 3929 et
2118 3865 2412 3950 Spiritus
2467 3867 2781 3949 Sanctus,

467 3983 668 4051 quem
698 3962 768 4025 in
800 3961 1194 4027 substantiae
1224 3962 1485 4030 unitate
1515 3965 1770 4030 trinum
1802 3972 1874 4033 et
1900 3967 1970 4032 in
2002 3989 2442 4052 personarum
2473 3972 2782 4039 trinitate

467 4086 674 4133 unum
718 4064 1151 4141 veneramini,
1185 4085 1307 4129 vos
1352 4067 1439 4131 ab
1482 4069 1663 4132 omni
1706 4068 2121 4137 adversitate
2165 4075 2503 4158 protegat,
2538 4080 2610 4139 et
2655 4096 2780 4141 sua

469 4167 932 4236 benedictione
963 4166 1341 4252 perfundat.
1431 4170 1667 4235 Amen.

556 4273 667 4337 lta
715 4290 837 4335 vos
888 4269 958 4334 in
1004 4270 1354 4356 praesentis
1399 4272 1553 4338 vitae
1605 4274 1940 4342 curriculo
1991 4275 2061 4339 in
2109 4296 2231 4342 sua
2274 4276 2400 4340 fide
2449 4278 2784 4346 catholica
