3117 5025
894 403 1404 474 Inthronz‘zatio
1437 408 1994 493 Arckiepiscopi.
2475 405 2606 473 233

277 614 412 676 tuae
469 611 792 697 largitate
848 613 1024 678 hunc
1076 615 1401 708 fam-ulum
1453 621 1645 682 tuum
1700 618 1786 684 N.
1843 615 2090 704 populo
2142 620 2261 681 tuo
2316 634 2604 700 praeesse

273 711 568 795 jussisti,
598 716 819 781 tribue
867 718 948 795 ei,
982 739 1380 803 quaesumuS,
1412 743 1533 807 per
1574 723 1863 806 gratiam
1914 720 2143 787 Sancti
2175 719 2466 804 Spiritus
2504 717 2610 781 tui

281 814 484 901 digne
558 818 683 882 tibi
754 821 1143 905 persolvere
1216 824 1666 890 ministerium
1741 824 1939 890 officii
2016 821 2458 889 sacerdotalis
2535 824 2608 885 et

283 918 758 986 ecclesiasticis
825 925 1298 990 convenienter
1363 928 1618 992 servire
1683 927 2143 1004 sacramentis,
2211 925 2606 1012 plebemque

284 1022 414 1086 sibi
439 1024 857 1090 commissam
880 1026 964 1090 ad
987 1029 1270 1113 gloriam
1295 1030 1396 1094 tui
1428 1030 1645 1096 sancti
1662 1030 1952 1096 nominis
1984 1030 2182 1115 digne
2205 1029 2606 1116 gubernare.

280 1124 414 1189 Per
440 1125 822 1192 Dominum.
913 1131 993 1194 ln
1025 1134 1286 1197 unitate
1318 1134 1641 1218 ejusdem.

365 1229 496 1301 Qua
525 1232 701 1304 dicta,
725 1243 982 1310 ponatur
1007 1236 1064 1294 ei
1079 1236 1339 1314 pallium
1363 1258 1532 1315 super
1557 1238 1833 1308 humeros,
1865 1236 2082 1294 dicente
2108 1236 2386 1313 episcopo.

365 1326 612 1411 Accipe
657 1329 959 1414 pallium,
992 1333 1233 1396 summi
1280 1334 1637 1398 sacerdotii
1677 1332 1948 1399 Domini
1992 1330 2120 1396 Dei
2164 1330 2265 1395 tui
2312 1329 2597 1415 signum,

274 1449 397 1512 per
418 1430 594 1513 quod
619 1432 904 1515 undique
931 1434 1222 1500 vallatus
1248 1441 1450 1521 atque
1480 1436 1801 1513 munitus,
1826 1434 2059 1500 valeas
2081 1433 2300 1498 hostis
2323 1432 2598 1497 humani

277 1533 717 1598 tentamentis
761 1537 1103 1614 resistere,
1135 1545 1206 1603 et
1251 1559 1481 1603 omnes
1527 1539 1812 1604 insidias
1858 1538 2008 1622 ejus
2054 1559 2096 1603 a
2139 1534 2602 1620 penetralibus

277 1635 499 1698 cordis
544 1636 648 1700 tui
678 1638 905 1703 divino
949 1640 1316 1707 munimine
1348 1641 1566 1705 fultus
1610 1641 1845 1728 procul
1891 1640 2204 1724 abjicere,
2234 1643 2599 1725 praestante

278 1735 565 1803 Domino
596 1746 829 1806 nostro
859 1742 895 1807 J
907 1763 1027 1807 esu
1061 1743 1332 1810 Christo
1365 1746 1480 1830 qui
1512 1746 1680 1811 vivit
1709 1750 1781 1810 et
1808 1749 2077 1830 regnat.

355 1839 496 1899 Post
515 1843 631 1902 haec
650 1865 780 1903 cum
788 1845 1005 1921 festiva
1021 1850 1375 1924 processione
1394 1849 1644 1907 ducatur
1671 1848 1751 1906 ad
1770 1849 1953 1907 altare
1980 1848 2229 1906 Domini
2249 1846 2593 1918 Salvatoris,
2656 1873 2669 1890 ·

278 1937 445 1996 choro
490 1939 764 2015 psallente
806 1941 1201 2021 antiphonam,
1255 1944 1554 2004 Firmetur
1608 1964 1810 2004 manus
1853 1951 1979 2015 tua,
2026 1943 2114 2003 vel
2155 1942 2594 2021 responsoriam,

280 2030 478 2092 Deum
505 2034 669 2093 time.

366 2127 494 2198 Quo
508 2130 705 2205 finito,
735 2130 967 2190 dicatur
992 2132 1109 2192 hoec
1135 2133 1322 2193 oratio
1350 2154 1478 2193 cum

362 2222 691 2290 Dominus
722 2226 1089 2293 vobiscum.

364 2328 663 2406 Nostris,
724 2352 1122 2414 quaesumus,
1180 2331 1488 2411 Domine,
1549 2333 1788 2399 officiis
1847 2331 2141 2397 clemens
2209 2330 2465 2407 adesto,
2527 2335 2599 2395 et

272 2429 531 2496 famulo
561 2436 681 2497 tuo
712 2433 800 2496 N.
827 2435 1329 2522 archiepiscopo
1360 2441 1618 2515 nosti-0,
1640 2435 2125 2501 benedictionis
2150 2441 2278 2500 tuae
2308 2433 2599 2520 gratiam

275 2535 584 2612 concede,
615 2558 813 2621 quem
843 2540 1246 2605 auctoritate
1278 2542 1671 2626 apostolica,
1704 2545 1770 2605 et
1803 2541 2085 2625 mystico
2116 2560 2391 2603 munere
2424 2538 2600 2603 saci-i

272 2641 467 2726 pallii
514 2642 790 2707 induere
836 2644 1155 2729 dignatus
1200 2666 1295 2723 es,
1333 2652 1401 2711 et
1446 2648 1531 2711 ad
1579 2667 1910 2710 summum
1956 2644 2398 2709 sacerdotium
2445 2663 2597 2727 pro-

275 2766 567 2809 movere.
657 2747 813 2822 Fac,
846 2747 1148 2825 Domine,
1183 2771 1584 2833 quaesumus,
1608 2755 1685 2814 ut
1717 2749 1892 2814 sicut
1923 2754 2184 2812 ceteros
2216 2747 2280 2811 in
2316 2745 2602 2810 ecclesia

274 2849 530 2934 gradus
576 2850 828 2915 honore
874 2852 1216 2934 praecellit,
1261 2854 1359 2918 ita
1404 2853 1667 2917 meritis
1713 2857 1782 2916 et
1829 2850 2197 2915 virtutibus
2243 2854 2596 2935 augeatur.

280 2955 432 3021 Per.
2154 2948 2161 2953 ’

360 3058 593 3119 Deinde
619 3061 839 3119 dicitur
863 3081 901 3119 a
928 3062 1154 3122 Priore.

368 3156 448 3219 In
500 3155 627 3220 Dei
679 3157 965 3222 nomine.
1056 3160 1291 3224 Amen.
1382 3157 1806 3222 Auctoritate
1861 3156 2181 3241 ejusdem,
2237 3175 2363 3239 ego
2418 3152 2597 3238 prior

275 3256 476 3321 istius
537 3258 832 3324 ecclesiae
894 3258 1147 3325 Christi
1213 3259 1613 3338 Cantuariae,
1677 3261 2058 3324 inthronizo
2122 3263 2191 3321 te
2259 3256 2596 3319 dominum

276 3361 845 3446 archiepiscopum
899 3363 968 3427 in
1021 3364 1149 3428 hac
1209 3363 1678 3428 Cantuariensi
1740 3363 2040 3438 ecclesia,
2096 3362 2167 3424 in
2230 3381 2363 3442 qua
2422 3357 2598 3421 idem

279 3463 465 3529 Deus
521 3465 846 3529 Dominus
906 3472 1138 3531 noster
1195 3465 1399 3530 Jesus
1467 3465 1779 3529 Christus
1840 3464 2178 3528 custodiat
2244 3460 2597 3525 introitum

279 3573 469 3634 tuum
500 3591 583 3633 ex
617 3571 759 3647 hoc,
792 3591 987 3646 nunc,
1020 3575 1091 3635 et
1122 3592 1332 3654 usque
1365 3570 1433 3633 in
1469 3569 1802 3634 saeculum.

358 3672 583 3731 Deinde
636 3673 883 3731 ducatur
928 3673 1005 3731 ad
1051 3673 1379 3732 cathedram
1425 3672 1837 3751 pontificalem,
1890 3677 1940 3727 et
1988 3670 2052 3727 in
2105 3689 2171 3727 ea
2219 3689 2347 3726 cum
2394 3668 2597 3726 honore

279 3768 562 3838 mittatur,
594 3769 697 3826 ubi
721 3790 780 3827 eo
806 3769 1042 3840 sedente,
1075 3776 1125 3827 et
1152 3789 1246 3826 sex
1284 3767 1369 3826 vel
1394 3775 1509 3827 octo
1536 3768 1813 3826 stantibus
1855 3774 1984 3823 ante
2010 3764 2235 3835 solium,
2267 3764 2487 3822 ‘modico
2528 3765 2595 3822 in

277 3885 470 3923 eorum
512 3866 697 3923 medio
740 3866 1001 3923 existente
1047 3866 1252 3943 spatie,
1302 3885 1494 3922 eorum
1540 3885 1660 3923 una
1709 3864 1978 3923 medietas
2025 3862 2183 3919 dicat
2230 3861 2396 3937 hujus
2439 3861 2592 3919 anti-

272 3961 475 4038 phonae
501 3960 646 4018 hanc
666 3969 912 4038 partem,

366 4057 769 4121 Benedictus
799 4057 1005 4132 Deus,
1038 4056 1149 4140 qui
1184 4061 1251 4120 te
1298 4059 1637 4135 pastorem
1683 4054 1931 4147 elegit:
1977 4053 2046 4118 in
2094 4052 2374 4118 candida
2422 4051 2596 4116 stola

273 4160 695 4246 apostolatus
727 4161 827 4224 tui
861 4167 928 4225 te
962 4159 1437 4224 circumcinxit.

449 4262 640 4327 Pont.
674 4263 757 4327 29
