3117 5025
1101 402 1501 468 Benedictio
1531 403 1854 470 Abbatia.
2549 381 2647 470 51²
2683 376 2688 382 ⁸

820 671 955 762 [ΙΝ
999 674 1683 748 ΒΕΝΕΒΙΟΤΙΟΝΕ
1724 676 2160 768 Aemus]

411 906 559 994 Ego
603 909 695 974 N.
741 911 828 976 ad
870 913 1166 1000 regimen
1218 914 1609 980 monasterii
1651 914 1741 980 N.
1786 914 2063 991 electus,
2112 918 2185 981 et
2224 934 2410 980 more
2452 917 2642 982 ante-
2686 928 2750 993 Α

323 1029 668 1077 cessorum
739 1036 1039 1080 meorum
1112 1037 1154 1080 a
1219 1022 1308 1093 te,
1378 1019 1755 1083 venerande
1819 1023 2014 1103 pater
2085 1017 2176 1083 N.
2243 1022 2489 1084 sanctae
2553 1017 2644 1084 N.

320 1112 615 1178 ecclesiae
676 1117 1004 1203 episcope,
1054 1118 1544 1184 benedicendus
1602 1121 1832 1197 abbas,
1897 1124 2140 1185 sanctae
2198 1119 2494 1197 ecclesia
2552 1119 2643 1187 N.

312 1214 441 1279 tibi
483 1217 751 1303 tuisque
805 1222 1300 1286 successoribus
1352 1223 1666 1287 canonice
1720 1223 2206 1289 substituendis
2257 1223 2644 1290 canonicam

321 1317 801 1400 subjectionem
848 1329 917 1387 et
959 1323 1402 1389 obedientiam
1444 1346 1550 1388 me
1584 1346 1702 1410 per
1742 1326 1966 1390 omnia
1995 1324 2448 1392 exhibiturum
2490 1346 2644 1412 pro·

321 1420 540 1497 mitto,
571 1429 641 1487 et
668 1445 790 1509 per
816 1446 1088 1490 manum
1117 1426 1456 1512 propriam
1488 1426 1681 1512 signo
1713 1430 1784 1492 et
1812 1428 2149 1493 confirmo.

410 1525 799 1607 Episcopus
828 1529 1042 1592 dicat.

430 1627 868 1714 Omnipotens
934 1629 1259 1696 Dominus
1318 1635 1389 1696 et
1447 1630 1516 1694 in
1576 1631 1685 1695 his
1744 1636 1817 1697 et
1873 1630 1943 1695 in
2002 1630 2249 1698 ceteris
2297 1630 2492 1698 bonis
2550 1629 2643 1696 sit

324 1737 751 1815 co·operator
780 1739 961 1799 tuus.

415 1834 676 1900 Oratio.
767 1833 971 1913 Deus,
1025 1837 1140 1920 qui
1198 1837 1324 1901 sub
1374 1841 1506 1902 tuae
1532 1819 1945 1919 'majestatis
2004 1835 2283 1902 arbitrio
2342 1834 2637 1902 omnium
2680 1844 2737 1910 B

317 1956 679 2021 regnorum
706 1939 1007 2003 contines
1049 1943 1439 2023 potestates,
1470 1939 1596 2003 tibi
1641 1939 1975 2024 supplices
2017 1939 2358 2004 fundimus
2386 1958 2640 2024 preces,

321 2040 667 2104 humiliter
731 2046 1107 2119 exorantes,
1169 2046 1248 2105 ut
1304 2042 1481 2105 hunc
1540 2041 1865 2105 famulum
1922 2048 2136 2118 tuum,
2195 2042 2285 2106 N.
2344 2061 2387 2106 a
2442 2040 2639 2106 nobis

318 2143 614 2229 indignis
655 2143 725 2207 in
767 2143 1049 2228 gradum
1094 2143 1357 2210 abbatis
1402 2144 1685 2208 electum
1728 2148 1859 2207 tuae
1891 2164 2191 2227 supernae
2238 2163 2638 2226 summaeque

316 2246 866 2311 sanctificationis
910 2246 1133 2330 gratia
1165 2243 1633 2323 beneffldicere
1664 2245 1977 2331 digneris,
2008 2250 2085 2310 ut
2127 2245 2197 2309 in
2226 2245 2459 2309 diebus
2488 2245 2638 2328 ejus

320 2348 587 2412 devotio
617 2353 1009 2413 renascatur
1036 2347 1418 2432 disciplinae,
1449 2353 1518 2416 et
1548 2352 1645 2424 ut,
1668 2352 1736 2412 te
1768 2348 2150 2430 adjuvante,
2184 2348 2326 2412 suis
2355 2347 2641 2418 subditis

316 2450 571 2536 placita
632 2451 759 2516 tibi
824 2450 1042 2536 possit
1099 2451 1392 2536 praebere
1460 2449 1816 2535 exempla3
1876 2450 2130 2535 tibique
2191 2471 2340 2515 cum
2398 2449 2640 2515 timore

320 2554 629 2619 subditus
691 2575 773 2618 ac
836 2559 1229 2618 mansuetus
1286 2552 1609 2629 militans,
1670 2557 1801 2618 tuae.
1860 2553 2239 2637 majestatis
2303 2557 2643 2618 mereatur

317 2659 564 2742 ubique
611 2657 842 2743 clypeo
885 2657 1156 2742 pacifice
1200 2657 1506 2743 protegi3
1551 2655 1832 2720 dextera
1881 2661 2013 2722 tuae
2063 2654 2436 2721 divinitatis
2488 2676 2640 2721 eum

313 2760 610 2845 digneris
652 2759 1097 2844 locupletare3
1143 2768 1220 2825 ut
1272 2781 1464 2844 opem
1514 2759 1854 2845 frugalem
1897 2759 2223 2825 fratribus
2274 2758 2523 2823 inferre
2566 2763 2641 2831 et

319 2863 628 2930 omnibus
672 2865 917 2948 ubique
962 2863 1473 2928 advenientibus
1509 2863 1617 2949 pie
1663 2864 1881 2948 possit
1907 2863 2260 2949 profutura
2303 2863 2637 2929 exhibere.

315 2968 419 3033 Tu
447 2968 550 3032 illi
582 2974 728 3034 esto
769 2970 1000 3046 honor,
1031 2975 1108 3035 tu
1151 2969 1469 3055 gaudium
1512 2969 1585 3032 in
1630 2969 1891 3046 domo?
1919 2970 1989 3033 in
2018 2969 2257 3037 itinere
2291 2970 2532 3045 socius,
2564 2968 2635 3033 in

312 3092 589 3136 maerore
650 3071 984 3149 solatium,
1044 3072 1114 3135 in
1174 3072 1618 3157 ambiguitate
1685 3071 2054 3148 consilium,
2114 3072 2185 3137 in
2242 3071 2635 3157 aegritudins

318 3174 667 3251 medicina,
694 3175 767 3238 in
800 3175 1140 3241 laboribus
1186 3175 1474 3259 adjutor,
1504 3175 1575 3238 in
1620 3174 1921 3239 adversis
1950 3173 2278 3251 defensor,
2307 3174 2381 3238 in
2422 3173 2637 3238 tribu-

319 3274 572 3340 latione
631 3277 997 3361 patientia;
1047 3282 1256 3362 ponat
1305 3277 1374 3340 in
1427 3282 1496 3341 te
1544 3277 2029 3362 providentiam
2074 3276 2342 3352 mentis,
2387 3297 2509 3360 per
2565 3278 2635 3340 t'e

316 3377 532 3443 discat
560 3400 709 3442 cum
740 3378 1013 3443 consilio
1043 3378 1382 3442 commissi
1411 3379 1538 3442 sibi
1568 3379 1795 3464 gregis
1815 3376 2269 3463 gubernacula
2300 3377 2638 3461 sapienter

320 3481 670 3558 moderari,
693 3487 771 3545 ut
800 3502 1062 3566 semper
1092 3481 1254 3544 felix
1280 3502 1669 3566 semperque
1691 3480 2024 3557 exultanS,
2047 3479 2127 3542 de
2157 3483 2287 3544 tuae
2312 3477 2636 3544 bonitatis

319 3583 574 3649 ditatus
601 3585 961 3661 beneficiiS‚
991 3588 1331 3648 mereatur
1359 3583 1674 3669 gaudere,
1706 3588 1775 3646 et
1804 3581 2256 3666 prolixitatem
2287 3580 2633 3664 praesentis

315 3686 467 3750 vitae
488 3707 609 3771 per
632 3686 1028 3771 temporalia
1050 3688 1225 3751 bona
1246 3686 1532 3771 benigne
1558 3685 1918 3769 suscipere,
1944 3705 2020 3748 ac
2048 3683 2354 3766 supernis
2378 3682 2633 3747 civibus

315 3788 835 3874 angelorumque
887 3789 1107 3854 choris
1158 3809 1279 3873 per
1333 3793 1583 3853 aeterna
1640 3786 2036 3852 commercia
2095 3784 2413 3871 copulari.
2503 3785 2635 3850 Per

320 3890 698 3956 Dominum.

412 3996 676 4061 Oratio,
765 3993 980 4078 Super
1026 3994 1204 4058 hunc
1255 3991 1582 4058 famulum
1622 3998 1832 4070 tuum,
1879 3989 2184 4068 Domine,
2232 4008 2632 4074 quaesumus,
2668 4021 2721 4086 Ο

312 4095 674 4182 dignanter
721 4096 1012 4174 intende,
1057 4100 1129 4161 et
1178 4096 1266 4160 da
1316 4095 1379 4163 ei
1431 4095 1778 4162 scientiam
1824 4112 2071 4170 veram,
2114 4113 2298 4178 spem
2350 4091 2633 4168 firmam,

319 4261 357 4297 ¹*
392 4261 499 4318 MS
519 4261 769 4319 Domino.
810 4266 815 4269 ’

498 4351 581 4416 6η
