3117 5025
1065 348 1464 412 Benedictio
1497 348 1845 412 Eremitae.
2484 343 2609 408 141

367 549 595 609 Deinde
620 559 955 630 asperqatur
980 571 1133 629 aqua
1162 551 1446 610 benedicta
1474 572 1645 630 super
1669 552 2018 611 vestimenta.

374 642 580 704 Postea
606 647 698 705 det
724 647 984 705 habitum
1009 646 1082 716 ei,
1114 654 1165 704 et
1192 645 1332 704 dum
1359 646 1580 717 induit,
1613 647 1772 705 dicat
1797 647 2106 725 episcopus.

375 736 604 805 Exuat
645 744 714 806 te
759 740 946 806 Deus
991 745 1285 806 veterem
1331 740 1665 806 hominem
1707 763 1858 806 eum
1889 741 2152 807 actibus
2199 740 2361 819 suis,
2393 743 2465 805 et
2507 739 2607 803 in-

279 838 450 906 'duat
494 865 762 923 novum,
807 845 922 928 qui
969 844 1329 908 secundum
1378 844 1592 909 Deum
1639 852 1909 911 creatus
1955 850 2062 910 est
2104 844 2174 908 in
2213 843 2488 928 justitia
2540 849 2610 909 et

287 945 653 1010 sanctitate
685 947 1018 1012 veritatis.

378 1047 470 1111 B..
561 1046 705 1113 Deo
735 1049 1020 1135 gratias.

372 1149 645 1227 Sequitur
671 1151 977 1225 benedictio
1001 1172 1171 1230 super
1194 1173 1322 1210 eum
1337 1159 1694 1231 prostratum
1720 1173 1911 1211 coram
1937 1151 2210 1230 episcope,
2238 1173 2366 1211 cum

382 1245 687 1310 Oremus.

372 1349 729 1413 Famulum
757 1354 970 1427 tuum,
1001 1349 1304 1427 Domine,
1337 1351 1642 1415 custodia
1671 1350 1950 1437 muniat
1974 1350 2269 1435 pietatis,
2299 1354 2378 1416 ut
2408 1351 2610 1416 easti-

284 1454 453 1518 tatis
499 1459 743 1517 sanctae
788 1453 1226 1538 propositum,
1257 1454 1434 1538 quod
1478 1460 1546 1519 te
1590 1454 1961 1538 inspirante
2010 1453 2325 1539 suscepit,
2356 1458 2425 1519 te
2456 1475 2608 1539 pro-

283 1560 559 1641 tegente
593 1577 857 1640 semper
884 1556 1164 1621 illaesum
1196 1557 1552 1622 custodiat.
1643 1557 1775 1622 Pet·
1804 1556 2184 1621 Dominum.

364 1658 592 1717 Deinde
618 1667 884 1734 sequatur
910 1658 1214 1717 benedictio
1242 1659 1491 1737 epi-scopi
1515 1680 1684 1738 super
1709 1681 1856 1730 eum,
1883 1660 1970 1718 sic
1998 1659 2251 1717 dicendo.

375 1752 763 1817 Benedictio
793 1751 921 1816 Dei
946 1752 1442 1836 omnipotentis,
1466 1753 1693 1819 Patris
1721 1757 1800 1837 »Β
1836 1758 1906 1820 et
1928 1755 2085 1820 Filii
2111 1755 2190 1835 »Β
2224 1759 2292 1819 et
2315 1753 2604 1841 Spiritus

287 1855 519 1921 Sancti
546 1862 627 1942 ›1‹
660 1855 1021 1920 descendat
1052 1875 1252 1938 super
1280 1859 1350 1920 te
1382 1862 1452 1922 et
1483 1864 1755 1923 maneat
1788 1879 2071 1944 semper.
2163 1859 2403 1924 Amen.

374 1958 460 2017 Et
484 1958 572 2016 ita
598 1958 818 2018 recedat
843 1959 910 2018 in
937 1958 1456 2029 nomineDomini.
