<?xml version="1.0" encoding="UTF-8"?>
<!DOCTYPE html PUBLIC "-//W3C//DTD XHTML 1.0 Transitional//EN"
    "http://www.w3.org/TR/xhtml1/DTD/xhtml1-transitional.dtd">
<html xmlns="http://www.w3.org/1999/xhtml" xml:lang="en" lang="en">
 <head>
  <title>
</title>
<meta http-equiv="Content-Type" content="text/html;charset=utf-8" />
  <meta name='ocr-system' content='tesseract 3.04.00' />
  <meta name='ocr-capabilities' content='ocr_page ocr_carea ocr_par ocr_line ocrx_word'/>
</head>
<body>
  <div class='ocr_page' id='page_1' title='image "./liberpontifical00hendgoog_0326.png"; bbox 0 0 3117 5025; ppageno 0'>
   <div class='ocr_carea' id='block_1_1' title="bbox 524 391 2039 477">
    <p class='ocr_par' dir='ltr' id='par_1_1' title="bbox 524 391 2039 477">
     <span class='ocr_line' id='line_1_1' title="bbox 524 391 2039 477; baseline 0 -21"><span class='ocrx_word' id='word_1_1' title='bbox 524 391 653 459; x_wconf 82' lang='lat'><strong>274</strong></span> <span class='ocrx_word' id='word_1_2' title='bbox 1332 395 1774 459; x_wconf 73' lang='lat' dir='ltr'><strong>Consecratio</strong></span> <span class='ocrx_word' id='word_1_3' title='bbox 1805 392 2039 477; x_wconf 74' lang='lat' dir='ltr'><strong>Reyis.</strong></span> 
     </span>
    </p>
   </div>
   <div class='ocr_carea' id='block_1_2' title="bbox 522 596 2862 1509">
    <p class='ocr_par' dir='ltr' id='par_1_2' title="bbox 522 596 2850 872">
     <span class='ocr_line' id='line_1_2' title="bbox 523 596 2849 683; baseline -0.002 -21"><span class='ocrx_word' id='word_1_4' title='bbox 523 603 601 665; x_wconf 91' lang='lat' dir='ltr'><strong>ut</strong></span> <span class='ocrx_word' id='word_1_5' title='bbox 632 597 937 664; x_wconf 77' lang='lat' dir='ltr'><strong>ambules</strong></span> <span class='ocrx_word' id='word_1_6' title='bbox 969 599 1036 663; x_wconf 88' lang='lat' dir='ltr'><strong>in</strong></span> <span class='ocrx_word' id='word_1_7' title='bbox 1068 599 1197 664; x_wconf 89' lang='lat' dir='ltr'><strong>viis</strong></span> <span class='ocrx_word' id='word_1_8' title='bbox 1227 597 1398 683; x_wconf 88' lang='lat' dir='ltr'><strong>ejus,</strong></span> <span class='ocrx_word' id='word_1_9' title='bbox 1430 608 1497 665; x_wconf 93' lang='lat' dir='ltr'><strong>et</strong></span> <span class='ocrx_word' id='word_1_10' title='bbox 1528 599 1874 665; x_wconf 79' lang='lat' dir='ltr'><strong>custodias</strong></span> <span class='ocrx_word' id='word_1_11' title='bbox 1919 596 2332 663; x_wconf 72' lang='lat' dir='ltr'><strong>caerimonias</strong></span> <span class='ocrx_word' id='word_1_12' title='bbox 2380 596 2550 680; x_wconf 88' lang='lat' dir='ltr'><strong>ejus,</strong></span> <span class='ocrx_word' id='word_1_13' title='bbox 2583 599 2655 661; x_wconf 90' lang='lat' dir='ltr'><strong>et</strong></span> <span class='ocrx_word' id='word_1_14' title='bbox 2684 616 2849 681; x_wconf 87' lang='lat' dir='ltr'><strong>prae—</strong></span> 
     </span>
     <span class='ocr_line' id='line_1_3' title="bbox 522 699 2850 788; baseline -0.003 -21"><span class='ocrx_word' id='word_1_15' title='bbox 522 708 719 788; x_wconf 87' lang='lat' dir='ltr'><strong>cepta</strong></span> <span class='ocrx_word' id='word_1_16' title='bbox 764 703 822 787; x_wconf 90' lang='lat' dir='ltr'><strong>ej</strong></span> <span class='ocrx_word' id='word_1_17' title='bbox 835 724 932 780; x_wconf 90' lang='lat' dir='ltr'><strong>us,</strong></span> <span class='ocrx_word' id='word_1_18' title='bbox 966 710 1036 769; x_wconf 89' lang='lat' dir='ltr'><strong>et</strong></span> <span class='ocrx_word' id='word_1_19' title='bbox 1079 703 1487 782; x_wconf 86' lang='lat' dir='ltr'><strong>testimonia,</strong></span> <span class='ocrx_word' id='word_1_20' title='bbox 1520 708 1594 769; x_wconf 91' lang='lat' dir='ltr'><strong>et</strong></span> <span class='ocrx_word' id='word_1_21' title='bbox 1629 703 1902 788; x_wconf 90' lang='lat' dir='ltr'><strong>judicia,</strong></span> <span class='ocrx_word' id='word_1_22' title='bbox 1936 709 2006 768; x_wconf 89' lang='lat' dir='ltr'><strong>et</strong></span> <span class='ocrx_word' id='word_1_23' title='bbox 2035 722 2426 787; x_wconf 89' lang='lat' dir='ltr'><strong>quocunque</strong></span> <span class='ocrx_word' id='word_1_24' title='bbox 2455 707 2524 768; x_wconf 92' lang='lat' dir='ltr'><strong>te</strong></span> <span class='ocrx_word' id='word_1_25' title='bbox 2559 699 2850 764; x_wconf 84' lang='lat' dir='ltr'><strong>vertaris</strong></span> 
     </span>
     <span class='ocr_line' id='line_1_4' title="bbox 526 805 1209 872; baseline 0 -3"><span class='ocrx_word' id='word_1_26' title='bbox 526 805 874 871; x_wconf 86' lang='lat' dir='ltr'><strong>confirmet</strong></span> <span class='ocrx_word' id='word_1_27' title='bbox 902 810 971 872; x_wconf 88' lang='lat' dir='ltr'><strong>te</strong></span> <span class='ocrx_word' id='word_1_28' title='bbox 1002 805 1209 871; x_wconf 90' lang='lat' dir='ltr'><strong>Deus.</strong></span> 
     </span>
    </p>

    <p class='ocr_par' dir='ltr' id='par_1_3' title="bbox 618 881 1210 987">
     <span class='ocr_line' id='line_1_5' title="bbox 618 881 1210 987; baseline 0.007 -22"><span class='ocrx_word' id='word_1_29' title='bbox 618 906 782 966; x_wconf 77' lang='lat' dir='ltr'><strong>Tunc</strong></span> <span class='ocrx_word' id='word_1_30' title='bbox 810 908 1045 968; x_wconf 80' lang='lat' dir='ltr'><strong>dicatur</strong></span> <span class='ocrx_word' id='word_1_31' title='bbox 1069 881 1210 987; x_wconf 53' lang='lat' dir='ltr'><strong>reyf-</strong></span> 
     </span>
    </p>

    <p class='ocr_par' dir='ltr' id='par_1_4' title="bbox 527 1003 2862 1509">
     <span class='ocr_line' id='line_1_6' title="bbox 614 1003 2857 1090; baseline -0.001 -22"><span class='ocrx_word' id='word_1_32' title='bbox 614 1003 862 1090; x_wconf 89' lang='lat' dir='ltr'><strong>Accipe</strong></span> <span class='ocrx_word' id='word_1_33' title='bbox 893 1004 1070 1070; x_wconf 87' lang='lat' dir='ltr'><strong>hunc</strong></span> <span class='ocrx_word' id='word_1_34' title='bbox 1099 1005 1400 1090; x_wconf 82' lang='lat' dir='ltr'><strong>gladium</strong></span> <span class='ocrx_word' id='word_1_35' title='bbox 1433 1026 1584 1071; x_wconf 90' lang='lat' dir='ltr'><strong>cum</strong></span> <span class='ocrx_word' id='word_1_36' title='bbox 1615 1005 1739 1071; x_wconf 93' lang='lat' dir='ltr'><strong>Dei</strong></span> <span class='ocrx_word' id='word_1_37' title='bbox 1765 1005 2227 1084; x_wconf 79' lang='lat' dir='ltr'><strong>benedictione</strong></span> <span class='ocrx_word' id='word_1_38' title='bbox 2259 1005 2387 1071; x_wconf 91' lang='lat' dir='ltr'><strong>tibi</strong></span> <span class='ocrx_word' id='word_1_39' title='bbox 2418 1004 2760 1081; x_wconf 89' lang='lat' dir='ltr'><strong>collatum,</strong></span> <span class='ocrx_word' id='word_1_40' title='bbox 2785 1003 2857 1065; x_wconf 87' lang='lat' dir='ltr'><strong>in</strong></span> 
     </span>
     <span class='ocr_line' id='line_1_7' title="bbox 527 1108 2858 1194; baseline -0 -23"><span class='ocrx_word' id='word_1_41' title='bbox 527 1128 660 1192; x_wconf 89' lang='lat' dir='ltr'><strong>quo</strong></span> <span class='ocrx_word' id='word_1_42' title='bbox 704 1128 827 1193; x_wconf 90' lang='lat' dir='ltr'><strong>per</strong></span> <span class='ocrx_word' id='word_1_43' title='bbox 854 1108 1176 1175; x_wconf 89' lang='lat' dir='ltr'><strong>virtutem</strong></span> <span class='ocrx_word' id='word_1_44' title='bbox 1225 1110 1520 1194; x_wconf 78' lang='lat' dir='ltr'><strong>Spiritus</strong></span> <span class='ocrx_word' id='word_1_45' title='bbox 1576 1111 1803 1177; x_wconf 91' lang='lat' dir='ltr'><strong>Sancti</strong></span> <span class='ocrx_word' id='word_1_46' title='bbox 1848 1111 2170 1176; x_wconf 83' lang='lat' dir='ltr'><strong>resistere</strong></span> <span class='ocrx_word' id='word_1_47' title='bbox 2224 1116 2293 1175; x_wconf 85' lang='lat' dir='ltr'><strong>et</strong></span> <span class='ocrx_word' id='word_1_48' title='bbox 2337 1110 2578 1194; x_wconf 90' lang='lat' dir='ltr'><strong>ejicere</strong></span> <span class='ocrx_word' id='word_1_49' title='bbox 2627 1129 2858 1172; x_wconf 90' lang='lat' dir='ltr'><strong>omnes</strong></span> 
     </span>
     <span class='ocr_line' id='line_1_8' title="bbox 529 1211 2857 1288; baseline -0 -13"><span class='ocrx_word' id='word_1_50' title='bbox 529 1211 835 1278; x_wconf 88' lang='lat' dir='ltr'><strong>inimicos</strong></span> <span class='ocrx_word' id='word_1_51' title='bbox 852 1216 1011 1276; x_wconf 87' lang='lat' dir='ltr'><strong>tuos</strong></span> <span class='ocrx_word' id='word_1_52' title='bbox 1029 1213 1261 1279; x_wconf 87' lang='lat' dir='ltr'><strong>valeas</strong></span> <span class='ocrx_word' id='word_1_53' title='bbox 1283 1221 1352 1279; x_wconf 89' lang='lat' dir='ltr'><strong>et</strong></span> <span class='ocrx_word' id='word_1_54' title='bbox 1370 1220 1643 1280; x_wconf 90' lang='lat' dir='ltr'><strong>cunctos</strong></span> <span class='ocrx_word' id='word_1_55' title='bbox 1676 1219 1920 1280; x_wconf 74' lang='lat' dir='ltr'><strong>sanetae</strong></span> <span class='ocrx_word' id='word_1_56' title='bbox 1936 1215 2066 1280; x_wconf 91' lang='lat' dir='ltr'><strong>Dei</strong></span> <span class='ocrx_word' id='word_1_57' title='bbox 2087 1214 2380 1279; x_wconf 73' lang='lat' dir='ltr'><strong>ecclesiae</strong></span> <span class='ocrx_word' id='word_1_58' title='bbox 2411 1212 2857 1288; x_wconf 87' lang='lat' dir='ltr'><strong>adversarios,</strong></span> 
     </span>
     <span class='ocr_line' id='line_1_9' title="bbox 533 1317 2862 1407; baseline -0.003 -23"><span class='ocrx_word' id='word_1_59' title='bbox 533 1341 946 1407; x_wconf 85' lang='lat' dir='ltr'><strong>regnumque</strong></span> <span class='ocrx_word' id='word_1_60' title='bbox 1007 1317 1133 1384; x_wconf 90' lang='lat' dir='ltr'><strong>tibi</strong></span> <span class='ocrx_word' id='word_1_61' title='bbox 1192 1319 1620 1383; x_wconf 88' lang='lat' dir='ltr'><strong>commissum</strong></span> <span class='ocrx_word' id='word_1_62' title='bbox 1680 1319 1908 1395; x_wconf 87' lang='lat' dir='ltr'><strong>tutari,</strong></span> <span class='ocrx_word' id='word_1_63' title='bbox 1961 1324 2164 1402; x_wconf 89' lang='lat' dir='ltr'><strong>atque</strong></span> <span class='ocrx_word' id='word_1_64' title='bbox 2223 1324 2578 1404; x_wconf 86' lang='lat' dir='ltr'><strong>protegere</strong></span> <span class='ocrx_word' id='word_1_65' title='bbox 2633 1321 2862 1379; x_wconf 87' lang='lat' dir='ltr'><strong>castra</strong></span> 
     </span>
     <span class='ocr_line' id='line_1_10' title="bbox 535 1416 2861 1509; baseline -0.003 -21"><span class='ocrx_word' id='word_1_66' title='bbox 535 1423 684 1500; x_wconf 89' lang='lat' dir='ltr'><strong>Dei,</strong></span> <span class='ocrx_word' id='word_1_67' title='bbox 731 1445 854 1509; x_wconf 89' lang='lat' dir='ltr'><strong>per</strong></span> <span class='ocrx_word' id='word_1_68' title='bbox 902 1421 1228 1488; x_wconf 87' lang='lat' dir='ltr'><strong>auxilium</strong></span> <span class='ocrx_word' id='word_1_69' title='bbox 1281 1420 1703 1487; x_wconf 76' lang='lat' dir='ltr'><strong>invictissimi</strong></span> <span class='ocrx_word' id='word_1_70' title='bbox 1756 1420 2269 1506; x_wconf 78' lang='lat' dir='ltr'><strong>triumphatoris</strong></span> <span class='ocrx_word' id='word_1_71' title='bbox 2318 1419 2586 1485; x_wconf 87' lang='lat' dir='ltr'><strong>Domini</strong></span> <span class='ocrx_word' id='word_1_72' title='bbox 2641 1416 2861 1482; x_wconf 77' lang='lat' dir='ltr'><strong>nostri</strong></span> 
     </span>
    </p>
   </div>
   <div class='ocr_carea' id='block_1_3' title="bbox 534 1523 2721 1705">
    <p class='ocr_par' dir='ltr' id='par_1_5' title="bbox 534 1523 2721 1705">
     <span class='ocr_line' id='line_1_11' title="bbox 534 1523 2721 1610; baseline -0.003 -17"><span class='ocrx_word' id='word_1_73' title='bbox 534 1527 579 1593; x_wconf 88' lang='lat' dir='ltr'><strong>J</strong></span> <span class='ocrx_word' id='word_1_74' title='bbox 582 1548 702 1591; x_wconf 88' lang='lat' dir='ltr'><strong>esu</strong></span> <span class='ocrx_word' id='word_1_75' title='bbox 735 1525 1007 1592; x_wconf 84' lang='lat' dir='ltr'><strong>Christi.</strong></span> <span class='ocrx_word' id='word_1_76' title='bbox 1098 1525 1222 1610; x_wconf 78' lang='lat' dir='ltr'><strong>Qui</strong></span> <span class='ocrx_word' id='word_1_77' title='bbox 1254 1546 1402 1589; x_wconf 90' lang='lat' dir='ltr'><strong>cum</strong></span> <span class='ocrx_word' id='word_1_78' title='bbox 1432 1525 1657 1589; x_wconf 87' lang='lat' dir='ltr'><strong>Patre.</strong></span> <span class='ocrx_word' id='word_1_79' title='bbox 1746 1523 1827 1587; x_wconf 92' lang='lat' dir='ltr'><strong>ln</strong></span> <span class='ocrx_word' id='word_1_80' title='bbox 1859 1525 2117 1590; x_wconf 90' lang='lat' dir='ltr'><strong>unitate</strong></span> <span class='ocrx_word' id='word_1_81' title='bbox 2151 1524 2440 1610; x_wconf 86' lang='lat' dir='ltr'><strong>Spiritus</strong></span> <span class='ocrx_word' id='word_1_82' title='bbox 2473 1523 2721 1589; x_wconf 84' lang='lat' dir='ltr'><strong>Sancti.</strong></span> 
     </span>
     <span class='ocr_line' id='line_1_12' title="bbox 620 1628 1511 1705; baseline -0.003 -17"><span class='ocrx_word' id='word_1_83' title='bbox 620 1628 763 1688; x_wconf 83' lang='lat' dir='ltr'><strong>Post</strong></span> <span class='ocrx_word' id='word_1_84' title='bbox 788 1629 990 1687; x_wconf 81' lang='lat' dir='ltr'><strong>datum</strong></span> <span class='ocrx_word' id='word_1_85' title='bbox 1016 1628 1281 1705; x_wconf 74' lang='lat' dir='ltr'><strong>qladium</strong></span> <span class='ocrx_word' id='word_1_86' title='bbox 1306 1628 1511 1698; x_wconf 76' lang='lat' dir='ltr'><strong>oratic,</strong></span> 
     </span>
    </p>
   </div>
   <div class='ocr_carea' id='block_1_4' title="bbox 543 1719 2870 2013">
    <p class='ocr_par' dir='ltr' id='par_1_6' title="bbox 543 1719 2870 2013">
     <span class='ocr_line' id='line_1_13' title="bbox 629 1719 2866 1807; baseline -0.003 -17"><span class='ocrx_word' id='word_1_87' title='bbox 629 1724 839 1801; x_wconf 91' lang='lat' dir='ltr'><strong>Deus,</strong></span> <span class='ocrx_word' id='word_1_88' title='bbox 871 1723 986 1807; x_wconf 89' lang='lat' dir='ltr'><strong>qui</strong></span> <span class='ocrx_word' id='word_1_89' title='bbox 1030 1722 1455 1807; x_wconf 88' lang='lat' dir='ltr'><strong>providentia</strong></span> <span class='ocrx_word' id='word_1_90' title='bbox 1497 1728 1619 1788; x_wconf 92' lang='lat' dir='ltr'><strong>tua</strong></span> <span class='ocrx_word' id='word_1_91' title='bbox 1650 1719 1948 1787; x_wconf 84' lang='lat' dir='ltr'><strong>coelestia</strong></span> <span class='ocrx_word' id='word_1_92' title='bbox 1980 1722 2179 1787; x_wconf 89' lang='lat' dir='ltr'><strong>simul</strong></span> <span class='ocrx_word' id='word_1_93' title='bbox 2227 1726 2295 1789; x_wconf 88' lang='lat' dir='ltr'><strong>et</strong></span> <span class='ocrx_word' id='word_1_94' title='bbox 2338 1727 2611 1787; x_wconf 88' lang='lat' dir='ltr'><strong>terrena</strong></span> <span class='ocrx_word' id='word_1_95' title='bbox 2640 1719 2866 1785; x_wconf 90' lang='lat' dir='ltr'><strong>mode-</strong></span> 
     </span>
     <span class='ocr_line' id='line_1_14' title="bbox 543 1822 2866 1911; baseline -0.004 -17"><span class='ocrx_word' id='word_1_96' title='bbox 543 1827 740 1904; x_wconf 89' lang='lat' dir='ltr'><strong>raris,</strong></span> <span class='ocrx_word' id='word_1_97' title='bbox 792 1825 1159 1911; x_wconf 87' lang='lat' dir='ltr'><strong>propitiare</strong></span> <span class='ocrx_word' id='word_1_98' title='bbox 1222 1825 1801 1890; x_wconf 85' lang='lat' dir='ltr'><strong>Christianissimo</strong></span> <span class='ocrx_word' id='word_1_99' title='bbox 1860 1825 2007 1910; x_wconf 90' lang='lat' dir='ltr'><strong>regi</strong></span> <span class='ocrx_word' id='word_1_100' title='bbox 2067 1831 2300 1890; x_wconf 90' lang='lat' dir='ltr'><strong>nostro</strong></span> <span class='ocrx_word' id='word_1_101' title='bbox 2358 1824 2456 1888; x_wconf 91' lang='lat' dir='ltr'><strong>ill.</strong></span> <span class='ocrx_word' id='word_1_102' title='bbox 2509 1830 2586 1889; x_wconf 92' lang='lat' dir='ltr'><strong>ut</strong></span> <span class='ocrx_word' id='word_1_103' title='bbox 2646 1822 2866 1888; x_wconf 91' lang='lat' dir='ltr'><strong>omnis</strong></span> 
     </span>
     <span class='ocr_line' id='line_1_15' title="bbox 543 1926 2870 2013; baseline -0.003 -18"><span class='ocrx_word' id='word_1_104' title='bbox 543 1929 845 1997; x_wconf 89' lang='lat' dir='ltr'><strong>hostium</strong></span> <span class='ocrx_word' id='word_1_105' title='bbox 877 1949 1146 1994; x_wconf 89' lang='lat' dir='ltr'><strong>suorum</strong></span> <span class='ocrx_word' id='word_1_106' title='bbox 1181 1926 1503 1993; x_wconf 84' lang='lat' dir='ltr'><strong>fortitudo</strong></span> <span class='ocrx_word' id='word_1_107' title='bbox 1547 1928 1798 1993; x_wconf 90' lang='lat' dir='ltr'><strong>virtute</strong></span> <span class='ocrx_word' id='word_1_108' title='bbox 1829 1927 2040 2013; x_wconf 87' lang='lat' dir='ltr'><strong>gladii</strong></span> <span class='ocrx_word' id='word_1_109' title='bbox 2087 1926 2461 2013; x_wconf 89' lang='lat' dir='ltr'><strong>spiritualis</strong></span> <span class='ocrx_word' id='word_1_110' title='bbox 2489 1928 2870 2011; x_wconf 85' lang='lat' dir='ltr'><strong>frangatur,</strong></span> 
     </span>
    </p>
   </div>
   <div class='ocr_carea' id='block_1_5' title="bbox 547 2032 2414 2212">
    <p class='ocr_par' dir='ltr' id='par_1_7' title="bbox 547 2032 2414 2212">
     <span class='ocr_line' id='line_1_16' title="bbox 547 2032 2414 2119; baseline -0.003 -18"><span class='ocrx_word' id='word_1_111' title='bbox 547 2056 626 2101; x_wconf 83' lang='lat' dir='ltr'><strong>ac</strong></span> <span class='ocrx_word' id='word_1_112' title='bbox 658 2039 726 2099; x_wconf 89' lang='lat' dir='ltr'><strong>te</strong></span> <span class='ocrx_word' id='word_1_113' title='bbox 756 2054 879 2119; x_wconf 94' lang='lat' dir='ltr'><strong>pro</strong></span> <span class='ocrx_word' id='word_1_114' title='bbox 908 2032 1031 2097; x_wconf 92' lang='lat' dir='ltr'><strong>illo</strong></span> <span class='ocrx_word' id='word_1_115' title='bbox 1062 2036 1430 2118; x_wconf 87' lang='lat' dir='ltr'><strong>pugnante,</strong></span> <span class='ocrx_word' id='word_1_116' title='bbox 1460 2033 1734 2118; x_wconf 83' lang='lat' dir='ltr'><strong>penitus</strong></span> <span class='ocrx_word' id='word_1_117' title='bbox 1764 2036 2176 2098; x_wconf 87' lang='lat' dir='ltr'><strong>conteratur.</strong></span> <span class='ocrx_word' id='word_1_118' title='bbox 2266 2032 2414 2097; x_wconf 88' lang='lat' dir='ltr'><strong>Per.</strong></span> 
     </span>
     <span class='ocr_line' id='line_1_17' title="bbox 625 2134 1674 2212; baseline -0.001 -17"><span class='ocrx_word' id='word_1_119' title='bbox 625 2137 746 2196; x_wconf 76' lang='lat' dir='ltr'><strong>Hic</strong></span> <span class='ocrx_word' id='word_1_120' title='bbox 772 2143 1069 2196; x_wconf 79' lang='lat' dir='ltr'><strong>coronetur</strong></span> <span class='ocrx_word' id='word_1_121' title='bbox 1094 2155 1211 2205; x_wconf 75' lang='lat' dir='ltr'><strong>rex,</strong></span> <span class='ocrx_word' id='word_1_122' title='bbox 1243 2134 1403 2212; x_wconf 78' lang='lat' dir='ltr'><strong>eique</strong></span> <span class='ocrx_word' id='word_1_123' title='bbox 1423 2134 1674 2194; x_wconf 77' lang='lat' dir='ltr'><strong>dicatur.</strong></span> 
     </span>
    </p>
   </div>
   <div class='ocr_carea' id='block_1_6' title="bbox 549 2229 2890 3647">
    <p class='ocr_par' dir='ltr' id='par_1_8' title="bbox 549 2229 2878 2715">
     <span class='ocr_line' id='line_1_18' title="bbox 635 2229 2873 2316; baseline -0.003 -17"><span class='ocrx_word' id='word_1_124' title='bbox 635 2233 927 2300; x_wconf 81' lang='lat' dir='ltr'><strong>Coronet</strong></span> <span class='ocrx_word' id='word_1_125' title='bbox 968 2236 1039 2296; x_wconf 91' lang='lat' dir='ltr'><strong>te</strong></span> <span class='ocrx_word' id='word_1_126' title='bbox 1084 2229 1271 2295; x_wconf 89' lang='lat' dir='ltr'><strong>Deus</strong></span> <span class='ocrx_word' id='word_1_127' title='bbox 1316 2250 1564 2295; x_wconf 90' lang='lat' dir='ltr'><strong>corona</strong></span> <span class='ocrx_word' id='word_1_128' title='bbox 1605 2230 1857 2316; x_wconf 82' lang='lat' dir='ltr'><strong>gloriae,</strong></span> <span class='ocrx_word' id='word_1_129' title='bbox 1902 2236 2106 2315; x_wconf 88' lang='lat' dir='ltr'><strong>atque</strong></span> <span class='ocrx_word' id='word_1_130' title='bbox 2151 2230 2435 2314; x_wconf 69' lang='lat' dir='ltr'><strong>justitiae</strong></span> <span class='ocrx_word' id='word_1_131' title='bbox 2480 2231 2754 2306; x_wconf 89' lang='lat' dir='ltr'><strong>honore,</strong></span> <span class='ocrx_word' id='word_1_132' title='bbox 2802 2232 2873 2292; x_wconf 90' lang='lat' dir='ltr'><strong>et</strong></span> 
     </span>
     <span class='ocr_line' id='line_1_19' title="bbox 550 2333 2877 2423; baseline -0.005 -19"><span class='ocrx_word' id='word_1_133' title='bbox 550 2358 751 2423; x_wconf 89' lang='lat' dir='ltr'><strong>opere</strong></span> <span class='ocrx_word' id='word_1_134' title='bbox 803 2333 1241 2410; x_wconf 89' lang='lat' dir='ltr'><strong>fortitudinis,</strong></span> <span class='ocrx_word' id='word_1_135' title='bbox 1282 2338 1362 2398; x_wconf 90' lang='lat' dir='ltr'><strong>ut</strong></span> <span class='ocrx_word' id='word_1_136' title='bbox 1405 2355 1528 2419; x_wconf 94' lang='lat' dir='ltr'><strong>per</strong></span> <span class='ocrx_word' id='word_1_137' title='bbox 1572 2334 1854 2399; x_wconf 92' lang='lat' dir='ltr'><strong>officium</strong></span> <span class='ocrx_word' id='word_1_138' title='bbox 1902 2339 2146 2399; x_wconf 73' lang='lat' dir='ltr'><strong>nostrae</strong></span> <span class='ocrx_word' id='word_1_139' title='bbox 2191 2333 2672 2399; x_wconf 85' lang='lat' dir='ltr'><strong>benedictionis</strong></span> <span class='ocrx_word' id='word_1_140' title='bbox 2723 2351 2877 2395; x_wconf 91' lang='lat' dir='ltr'><strong>cum</strong></span> 
     </span>
     <span class='ocr_line' id='line_1_20' title="bbox 549 2435 2872 2523; baseline -0.003 -18"><span class='ocrx_word' id='word_1_141' title='bbox 549 2441 679 2505; x_wconf 90' lang='lat' dir='ltr'><strong>fide</strong></span> <span class='ocrx_word' id='word_1_142' title='bbox 713 2444 914 2516; x_wconf 89' lang='lat' dir='ltr'><strong>recta,</strong></span> <span class='ocrx_word' id='word_1_143' title='bbox 948 2442 1018 2502; x_wconf 93' lang='lat' dir='ltr'><strong>et</strong></span> <span class='ocrx_word' id='word_1_144' title='bbox 1060 2435 1416 2522; x_wconf 91' lang='lat' dir='ltr'><strong>multiplici</strong></span> <span class='ocrx_word' id='word_1_145' title='bbox 1455 2437 1781 2501; x_wconf 91' lang='lat' dir='ltr'><strong>bonorum</strong></span> <span class='ocrx_word' id='word_1_146' title='bbox 1828 2458 2103 2523; x_wconf 87' lang='lat' dir='ltr'><strong>operum</strong></span> <span class='ocrx_word' id='word_1_147' title='bbox 2147 2437 2395 2517; x_wconf 87' lang='lat' dir='ltr'><strong>fructu,</strong></span> <span class='ocrx_word' id='word_1_148' title='bbox 2427 2437 2512 2502; x_wconf 88' lang='lat' dir='ltr'><strong>ad</strong></span> <span class='ocrx_word' id='word_1_149' title='bbox 2558 2456 2872 2501; x_wconf 89' lang='lat' dir='ltr'><strong>coronam</strong></span> 
     </span>
     <span class='ocr_line' id='line_1_21' title="bbox 551 2540 2878 2630; baseline -0.003 -21"><span class='ocrx_word' id='word_1_150' title='bbox 551 2543 906 2630; x_wconf 86' lang='lat' dir='ltr'><strong>pervenias</strong></span> <span class='ocrx_word' id='word_1_151' title='bbox 948 2542 1141 2626; x_wconf 90' lang='lat' dir='ltr'><strong>regni</strong></span> <span class='ocrx_word' id='word_1_152' title='bbox 1186 2541 1517 2626; x_wconf 90' lang='lat' dir='ltr'><strong>perpetui,</strong></span> <span class='ocrx_word' id='word_1_153' title='bbox 1564 2541 1722 2626; x_wconf 84' lang='lat' dir='ltr'><strong>Ipso</strong></span> <span class='ocrx_word' id='word_1_154' title='bbox 1774 2540 2109 2627; x_wconf 85' lang='lat' dir='ltr'><strong>largiente</strong></span> <span class='ocrx_word' id='word_1_155' title='bbox 2153 2542 2347 2626; x_wconf 87' lang='lat' dir='ltr'><strong>cujus</strong></span> <span class='ocrx_word' id='word_1_156' title='bbox 2398 2562 2682 2628; x_wconf 88' lang='lat' dir='ltr'><strong>regnum</strong></span> <span class='ocrx_word' id='word_1_157' title='bbox 2725 2559 2878 2626; x_wconf 86' lang='lat' dir='ltr'><strong>per-</strong></span> 
     </span>
     <span class='ocr_line' id='line_1_22' title="bbox 552 2646 1921 2715; baseline -0.002 0"><span class='ocrx_word' id='word_1_158' title='bbox 552 2653 782 2715; x_wconf 90' lang='lat' dir='ltr'><strong>manet</strong></span> <span class='ocrx_word' id='word_1_159' title='bbox 810 2649 878 2712; x_wconf 91' lang='lat' dir='ltr'><strong>in</strong></span> <span class='ocrx_word' id='word_1_160' title='bbox 911 2646 1153 2711; x_wconf 85' lang='lat' dir='ltr'><strong>saecula</strong></span> <span class='ocrx_word' id='word_1_161' title='bbox 1183 2646 1592 2711; x_wconf 76' lang='lat' dir='ltr'><strong>saeculorum.</strong></span> <span class='ocrx_word' id='word_1_162' title='bbox 1680 2646 1921 2712; x_wconf 89' lang='lat' dir='ltr'><strong>Amen.</strong></span> 
     </span>
    </p>

    <p class='ocr_par' dir='ltr' id='par_1_9' title="bbox 555 2747 2874 2925">
     <span class='ocr_line' id='line_1_23' title="bbox 636 2747 2874 2828; baseline -0.004 -16"><span class='ocrx_word' id='word_1_163' title='bbox 636 2751 842 2812; x_wconf 77' lang='lat' dir='ltr'><strong>Oratio</strong></span> <span class='ocrx_word' id='word_1_164' title='bbox 887 2771 1058 2828; x_wconf 77' lang='lat' dir='ltr'><strong>super</strong></span> <span class='ocrx_word' id='word_1_165' title='bbox 1103 2770 1305 2826; x_wconf 75' lang='lat' dir='ltr'><strong>reyem,</strong></span> <span class='ocrx_word' id='word_1_166' title='bbox 1342 2757 1648 2827; x_wconf 76' lang='lat' dir='ltr'><strong>postquam</strong></span> <span class='ocrx_word' id='word_1_167' title='bbox 1694 2769 1902 2808; x_wconf 79' lang='lat' dir='ltr'><strong>corona</strong></span> <span class='ocrx_word' id='word_1_168' title='bbox 1932 2747 2123 2826; x_wconf 73' lang='lat' dir='ltr'><strong>fherit</strong></span> <span class='ocrx_word' id='word_1_169' title='bbox 2166 2748 2438 2827; x_wconf 77' lang='lat' dir='ltr'><strong>imposita</strong></span> <span class='ocrx_word' id='word_1_170' title='bbox 2484 2768 2654 2825; x_wconf 80' lang='lat' dir='ltr'><strong>super</strong></span> <span class='ocrx_word' id='word_1_171' title='bbox 2699 2752 2874 2823; x_wconf 77' lang='lat' dir='ltr'><strong>caput</strong></span> 
     </span>
     <span class='ocr_line' id='line_1_24' title="bbox 555 2869 691 2925; baseline -0.022 -17"><span class='ocrx_word' id='word_1_172' title='bbox 555 2869 691 2925; x_wconf 63' lang='lat' dir='ltr'><strong>ejus.</strong></span> 
     </span>
    </p>

    <p class='ocr_par' dir='ltr' id='par_1_10' title="bbox 556 2937 2890 3647">
     <span class='ocr_line' id='line_1_25' title="bbox 641 2937 2880 3026; baseline -0.002 -20"><span class='ocrx_word' id='word_1_173' title='bbox 641 2941 824 3008; x_wconf 88' lang='lat' dir='ltr'><strong>Deus</strong></span> <span class='ocrx_word' id='word_1_174' title='bbox 848 2940 1341 3026; x_wconf 86' lang='lat' dir='ltr'><strong>perpetuitatis,</strong></span> <span class='ocrx_word' id='word_1_175' title='bbox 1365 2942 1498 3004; x_wconf 85' lang='lat' dir='ltr'><strong>dux</strong></span> <span class='ocrx_word' id='word_1_176' title='bbox 1531 2940 1875 3019; x_wconf 89' lang='lat' dir='ltr'><strong>virtutum,</strong></span> <span class='ocrx_word' id='word_1_177' title='bbox 1901 2945 2291 3006; x_wconf 88' lang='lat' dir='ltr'><strong>cunctorum</strong></span> <span class='ocrx_word' id='word_1_178' title='bbox 2316 2940 2614 3005; x_wconf 90' lang='lat' dir='ltr'><strong>hostium</strong></span> <span class='ocrx_word' id='word_1_179' title='bbox 2640 2937 2880 3015; x_wconf 88' lang='lat' dir='ltr'><strong>victor,</strong></span> 
     </span>
     <span class='ocr_line' id='line_1_26' title="bbox 556 3041 2887 3128; baseline -0.003 -16"><span class='ocrx_word' id='word_1_180' title='bbox 556 3045 835 3112; x_wconf 89' lang='lat' dir='ltr'><strong>benedic</strong></span> <span class='ocrx_word' id='word_1_181' title='bbox 882 3045 1060 3108; x_wconf 92' lang='lat' dir='ltr'><strong>hunc</strong></span> <span class='ocrx_word' id='word_1_182' title='bbox 1108 3042 1432 3108; x_wconf 89' lang='lat' dir='ltr'><strong>famulum</strong></span> <span class='ocrx_word' id='word_1_183' title='bbox 1483 3048 1674 3109; x_wconf 89' lang='lat' dir='ltr'><strong>tuum</strong></span> <span class='ocrx_word' id='word_1_184' title='bbox 1719 3043 1820 3108; x_wconf 91' lang='lat' dir='ltr'><strong>ill.</strong></span> <span class='ocrx_word' id='word_1_185' title='bbox 1864 3044 1990 3109; x_wconf 89' lang='lat' dir='ltr'><strong>tibi</strong></span> <span class='ocrx_word' id='word_1_186' title='bbox 2042 3050 2247 3128; x_wconf 91' lang='lat' dir='ltr'><strong>caput</strong></span> <span class='ocrx_word' id='word_1_187' title='bbox 2295 3064 2487 3108; x_wconf 90' lang='lat' dir='ltr'><strong>suum</strong></span> <span class='ocrx_word' id='word_1_188' title='bbox 2536 3041 2887 3105; x_wconf 88' lang='lat' dir='ltr'><strong>humiliter</strong></span> 
     </span>
     <span class='ocr_line' id='line_1_27' title="bbox 559 3147 2880 3233; baseline -0.004 -15"><span class='ocrx_word' id='word_1_189' title='bbox 559 3149 1013 3225; x_wconf 88' lang='lat' dir='ltr'><strong>inclinantem,</strong></span> <span class='ocrx_word' id='word_1_190' title='bbox 1067 3153 1137 3213; x_wconf 90' lang='lat' dir='ltr'><strong>et</strong></span> <span class='ocrx_word' id='word_1_191' title='bbox 1188 3147 1455 3232; x_wconf 84' lang='lat' dir='ltr'><strong>prolixa</strong></span> <span class='ocrx_word' id='word_1_192' title='bbox 1507 3149 1800 3213; x_wconf 88' lang='lat' dir='ltr'><strong>sanitate</strong></span> <span class='ocrx_word' id='word_1_193' title='bbox 1856 3154 1925 3214; x_wconf 91' lang='lat' dir='ltr'><strong>et</strong></span> <span class='ocrx_word' id='word_1_194' title='bbox 1975 3169 2301 3233; x_wconf 90' lang='lat' dir='ltr'><strong>prospera</strong></span> <span class='ocrx_word' id='word_1_195' title='bbox 2351 3147 2677 3212; x_wconf 88' lang='lat' dir='ltr'><strong>felicitate</strong></span> <span class='ocrx_word' id='word_1_196' title='bbox 2727 3168 2880 3211; x_wconf 90' lang='lat' dir='ltr'><strong>eum</strong></span> 
     </span>
     <span class='ocr_line' id='line_1_28' title="bbox 560 3249 2885 3336; baseline -0.004 -15"><span class='ocrx_word' id='word_1_197' title='bbox 560 3274 907 3324; x_wconf 86' lang='lat' dir='ltr'><strong>conserva,</strong></span> <span class='ocrx_word' id='word_1_198' title='bbox 938 3256 1007 3317; x_wconf 90' lang='lat' dir='ltr'><strong>et</strong></span> <span class='ocrx_word' id='word_1_199' title='bbox 1037 3251 1433 3335; x_wconf 91' lang='lat' dir='ltr'><strong>ubicumque</strong></span> <span class='ocrx_word' id='word_1_200' title='bbox 1465 3250 1575 3315; x_wconf 91' lang='lat' dir='ltr'><strong>vel</strong></span> <span class='ocrx_word' id='word_1_201' title='bbox 1614 3271 1737 3336; x_wconf 95' lang='lat' dir='ltr'><strong>pro</strong></span> <span class='ocrx_word' id='word_1_202' title='bbox 1769 3252 2292 3336; x_wconf 88' lang='lat' dir='ltr'><strong>quibuscumque</strong></span> <span class='ocrx_word' id='word_1_203' title='bbox 2337 3249 2662 3315; x_wconf 87' lang='lat' dir='ltr'><strong>auxilium</strong></span> <span class='ocrx_word' id='word_1_204' title='bbox 2691 3254 2885 3313; x_wconf 91' lang='lat' dir='ltr'><strong>tuum</strong></span> 
     </span>
     <span class='ocr_line' id='line_1_29' title="bbox 560 3354 2884 3441; baseline -0.003 -17"><span class='ocrx_word' id='word_1_205' title='bbox 560 3356 996 3432; x_wconf 85' lang='lat' dir='ltr'><strong>invocaverit,</strong></span> <span class='ocrx_word' id='word_1_206' title='bbox 1044 3356 1174 3421; x_wconf 88' lang='lat' dir='ltr'><strong>cito</strong></span> <span class='ocrx_word' id='word_1_207' title='bbox 1220 3355 1425 3431; x_wconf 89' lang='lat' dir='ltr'><strong>adsis,</strong></span> <span class='ocrx_word' id='word_1_208' title='bbox 1458 3360 1527 3419; x_wconf 88' lang='lat' dir='ltr'><strong>et-</strong></span> <span class='ocrx_word' id='word_1_209' title='bbox 1574 3359 1917 3441; x_wconf 88' lang='lat' dir='ltr'><strong>protegas,</strong></span> <span class='ocrx_word' id='word_1_210' title='bbox 1950 3377 2029 3420; x_wconf 87' lang='lat' dir='ltr'><strong>ac</strong></span> <span class='ocrx_word' id='word_1_211' title='bbox 2073 3354 2415 3420; x_wconf 82' lang='lat' dir='ltr'><strong>defendas.</strong></span> <span class='ocrx_word' id='word_1_212' title='bbox 2504 3355 2752 3419; x_wconf 90' lang='lat' dir='ltr'><strong>Tribue</strong></span> <span class='ocrx_word' id='word_1_213' title='bbox 2800 3355 2884 3429; x_wconf 90' lang='lat' dir='ltr'><strong>ei,</strong></span> 
     </span>
     <span class='ocr_line' id='line_1_30' title="bbox 566 3458 2888 3549; baseline -0.003 -21"><span class='ocrx_word' id='word_1_214' title='bbox 566 3481 964 3549; x_wconf 70' lang='lat' dir='ltr'><strong>quaesumus,</strong></span> <span class='ocrx_word' id='word_1_215' title='bbox 1022 3459 1329 3536; x_wconf 90' lang='lat' dir='ltr'><strong>Domine,</strong></span> <span class='ocrx_word' id='word_1_216' title='bbox 1390 3459 1666 3524; x_wconf 88' lang='lat' dir='ltr'><strong>divitias</strong></span> <span class='ocrx_word' id='word_1_217' title='bbox 1733 3459 1968 3544; x_wconf 82' lang='lat' dir='ltr'><strong>gratiae</strong></span> <span class='ocrx_word' id='word_1_218' title='bbox 2028 3463 2179 3536; x_wconf 82' lang='lat' dir='ltr'><strong>tuae,</strong></span> <span class='ocrx_word' id='word_1_219' title='bbox 2241 3458 2497 3545; x_wconf 88' lang='lat' dir='ltr'><strong>comple</strong></span> <span class='ocrx_word' id='word_1_220' title='bbox 2564 3460 2633 3522; x_wconf 93' lang='lat' dir='ltr'><strong>in</strong></span> <span class='ocrx_word' id='word_1_221' title='bbox 2692 3458 2888 3523; x_wconf 90' lang='lat' dir='ltr'><strong>bonis</strong></span> 
     </span>
     <span class='ocr_line' id='line_1_31' title="bbox 568 3562 2890 3647; baseline -0.003 -16"><span class='ocrx_word' id='word_1_222' title='bbox 568 3565 973 3631; x_wconf 89' lang='lat' dir='ltr'><strong>desiderium</strong></span> <span class='ocrx_word' id='word_1_223' title='bbox 1004 3564 1172 3647; x_wconf 90' lang='lat' dir='ltr'><strong>ejus,</strong></span> <span class='ocrx_word' id='word_1_224' title='bbox 1205 3582 1450 3627; x_wconf 92' lang='lat' dir='ltr'><strong>corona</strong></span> <span class='ocrx_word' id='word_1_225' title='bbox 1495 3584 1646 3627; x_wconf 90' lang='lat' dir='ltr'><strong>eum</strong></span> <span class='ocrx_word' id='word_1_226' title='bbox 1676 3562 1747 3626; x_wconf 93' lang='lat' dir='ltr'><strong>in</strong></span> <span class='ocrx_word' id='word_1_227' title='bbox 1792 3562 2270 3640; x_wconf 86' lang='lat' dir='ltr'><strong>misericordia,</strong></span> <span class='ocrx_word' id='word_1_228' title='bbox 2301 3562 2557 3647; x_wconf 91' lang='lat' dir='ltr'><strong>tibique</strong></span> <span class='ocrx_word' id='word_1_229' title='bbox 2601 3562 2890 3627; x_wconf 92' lang='lat' dir='ltr'><strong>Domino</strong></span> 
     </span>
    </p>
   </div>
   <div class='ocr_carea' id='block_1_7' title="bbox 569 3665 2662 3847">
    <p class='ocr_par' dir='ltr' id='par_1_11' title="bbox 569 3665 2662 3847">
     <span class='ocr_line' id='line_1_32' title="bbox 569 3665 2662 3756; baseline -0.001 -24"><span class='ocrx_word' id='word_1_230' title='bbox 569 3669 683 3756; x_wconf 90' lang='lat' dir='ltr'><strong>pia</strong></span> <span class='ocrx_word' id='word_1_231' title='bbox 712 3666 1063 3732; x_wconf 89' lang='lat' dir='ltr'><strong>devotione</strong></span> <span class='ocrx_word' id='word_1_232' title='bbox 1087 3665 1348 3751; x_wconf 89' lang='lat' dir='ltr'><strong>jugiter</strong></span> <span class='ocrx_word' id='word_1_233' title='bbox 1376 3665 1767 3744; x_wconf 85' lang='lat' dir='ltr'><strong>famuletur,</strong></span> <span class='ocrx_word' id='word_1_234' title='bbox 1798 3687 1923 3752; x_wconf 88' lang='lat' dir='ltr'><strong>per</strong></span> <span class='ocrx_word' id='word_1_235' title='bbox 1949 3665 2305 3732; x_wconf 90' lang='lat' dir='ltr'><strong>Dominum</strong></span> <span class='ocrx_word' id='word_1_236' title='bbox 2337 3676 2662 3731; x_wconf 87' lang='lat' dir='ltr'><strong>nostrum.</strong></span> 
     </span>
     <span class='ocr_line' id='line_1_33' title="bbox 650 3768 1914 3847; baseline -0.002 -17"><span class='ocrx_word' id='word_1_237' title='bbox 650 3771 773 3830; x_wconf 76' lang='lat' dir='ltr'><strong>Hic</strong></span> <span class='ocrx_word' id='word_1_238' title='bbox 801 3770 968 3828; x_wconf 79' lang='lat' dir='ltr'><strong>detur</strong></span> <span class='ocrx_word' id='word_1_239' title='bbox 993 3773 1116 3845; x_wconf 75' lang='lat' dir='ltr'><strong>reyi</strong></span> <span class='ocrx_word' id='word_1_240' title='bbox 1143 3776 1442 3846; x_wconf 78' lang='lat' dir='ltr'><strong>sceptrum,</strong></span> <span class='ocrx_word' id='word_1_241' title='bbox 1476 3768 1638 3847; x_wconf 77' lang='lat' dir='ltr'><strong>eique</strong></span> <span class='ocrx_word' id='word_1_242' title='bbox 1663 3769 1914 3828; x_wconf 77' lang='lat' dir='ltr'><strong>dicatur.</strong></span> 
     </span>
    </p>
   </div>
   <div class='ocr_carea' id='block_1_8' title="bbox 599 3863 2899 3950">
    <p class='ocr_par' dir='ltr' id='par_1_12' title="bbox 599 3863 2899 3950">
     <span class='ocr_line' id='line_1_34' title="bbox 599 3863 2899 3950; baseline 0 -21"><span class='ocrx_word' id='word_1_243' title='bbox 599 3926 600 3929; x_wconf 74' lang='grc'>,</span> <span class='ocrx_word' id='word_1_244' title='bbox 664 3865 903 3950; x_wconf 87' lang='lat' dir='ltr'><strong>Accipe</strong></span> <span class='ocrx_word' id='word_1_245' title='bbox 952 3868 1312 3948; x_wconf 88' lang='lat' dir='ltr'><strong>sceptrum,</strong></span> <span class='ocrx_word' id='word_1_246' title='bbox 1359 3864 1560 3950; x_wconf 85' lang='lat' dir='ltr'><strong>regiae</strong></span> <span class='ocrx_word' id='word_1_247' title='bbox 1607 3866 1971 3949; x_wconf 90' lang='lat' dir='ltr'><strong>potestatis</strong></span> <span class='ocrx_word' id='word_1_248' title='bbox 2015 3865 2300 3950; x_wconf 86' lang='lat' dir='ltr'><strong>insigne,</strong></span> <span class='ocrx_word' id='word_1_249' title='bbox 2333 3864 2594 3950; x_wconf 89' lang='lat' dir='ltr'><strong>virgam</strong></span> <span class='ocrx_word' id='word_1_250' title='bbox 2641 3863 2899 3930; x_wconf 85' lang='lat' dir='ltr'><strong>scilicet</strong></span> 
     </span>
    </p>
   </div>
   <div class='ocr_carea' id='block_1_9' title="bbox 575 3944 3006 4057">
    <p class='ocr_par' dir='ltr' id='par_1_13' title="bbox 575 3944 3006 4057">
     <span class='ocr_line' id='line_1_35' title="bbox 575 3944 3006 4057; baseline -0.001 -22"><span class='ocrx_word' id='word_1_251' title='bbox 575 3969 787 4057; x_wconf 83' lang='lat' dir='ltr'><strong>regni,</strong></span> <span class='ocrx_word' id='word_1_252' title='bbox 834 3972 1087 4032; x_wconf 90' lang='lat' dir='ltr'><strong>rectam</strong></span> <span class='ocrx_word' id='word_1_253' title='bbox 1144 3957 1403 4053; x_wconf 85' lang='lat' dir='ltr'><strong>virgam</strong></span> <span class='ocrx_word' id='word_1_254' title='bbox 1449 3967 1747 4045; x_wconf 89' lang='lat' dir='ltr'><strong>virtutis,</strong></span> <span class='ocrx_word' id='word_1_255' title='bbox 1795 3990 1931 4053; x_wconf 92' lang='lat' dir='ltr'><strong>qua</strong></span> <span class='ocrx_word' id='word_1_256' title='bbox 1973 3973 2041 4034; x_wconf 90' lang='lat' dir='ltr'><strong>te</strong></span> <span class='ocrx_word' id='word_1_257' title='bbox 2085 3967 2300 4053; x_wconf 90' lang='lat' dir='ltr'><strong>ipsum</strong></span> <span class='ocrx_word' id='word_1_258' title='bbox 2348 3968 2517 4032; x_wconf 93' lang='lat' dir='ltr'><strong>bene</strong></span> <span class='ocrx_word' id='word_1_259' title='bbox 2563 3988 2783 4052; x_wconf 88' lang='lat' dir='ltr'><strong>regas,</strong></span> <span class='ocrx_word' id='word_1_260' title='bbox 2830 3974 2903 4032; x_wconf 91' lang='lat' dir='ltr'><strong>et</strong></span> <span class='ocrx_word' id='word_1_261' title='bbox 2996 3944 3006 4005; x_wconf 46' lang='grc' dir='ltr'>ἶ</span> 
     </span>
    </p>
   </div>
   <div class='ocr_carea' id='block_1_10' title="bbox 578 4070 2903 4365">
    <p class='ocr_par' dir='ltr' id='par_1_14' title="bbox 578 4070 2903 4365">
     <span class='ocr_line' id='line_1_36' title="bbox 578 4070 2901 4156; baseline -0.002 -16"><span class='ocrx_word' id='word_1_262' title='bbox 578 4078 879 4140; x_wconf 87' lang='lat' dir='ltr'><strong>sanctam</strong></span> <span class='ocrx_word' id='word_1_263' title='bbox 911 4070 1286 4147; x_wconf 88' lang='lat' dir='ltr'><strong>ecclesiam,</strong></span> <span class='ocrx_word' id='word_1_264' title='bbox 1316 4070 1644 4156; x_wconf 90' lang='lat' dir='ltr'><strong>populum</strong></span> <span class='ocrx_word' id='word_1_265' title='bbox 1689 4072 2006 4136; x_wconf 88' lang='lat' dir='ltr'><strong>videlicet</strong></span> <span class='ocrx_word' id='word_1_266' title='bbox 2038 4070 2492 4134; x_wconf 84' lang='lat' dir='ltr'><strong>Christianum</strong></span> <span class='ocrx_word' id='word_1_267' title='bbox 2526 4070 2651 4134; x_wconf 91' lang='lat' dir='ltr'><strong>tibi</strong></span> <span class='ocrx_word' id='word_1_268' title='bbox 2682 4092 2725 4135; x_wconf 90' lang='lat' dir='ltr'><strong>a</strong></span> <span class='ocrx_word' id='word_1_269' title='bbox 2752 4070 2901 4135; x_wconf 90' lang='lat' dir='ltr'><strong>Deo</strong></span> 
     </span>
     <span class='ocr_line' id='line_1_37' title="bbox 580 4173 2903 4259; baseline -0.003 -15"><span class='ocrx_word' id='word_1_270' title='bbox 580 4176 1027 4250; x_wconf 87' lang='lat' dir='ltr'><strong>commissum,</strong></span> <span class='ocrx_word' id='word_1_271' title='bbox 1088 4174 1279 4259; x_wconf 88' lang='lat' dir='ltr'><strong>regia</strong></span> <span class='ocrx_word' id='word_1_272' title='bbox 1338 4174 1589 4240; x_wconf 88' lang='lat' dir='ltr'><strong>virtute</strong></span> <span class='ocrx_word' id='word_1_273' title='bbox 1658 4177 1742 4240; x_wconf 93' lang='lat' dir='ltr'><strong>ab</strong></span> <span class='ocrx_word' id='word_1_274' title='bbox 1809 4174 2130 4259; x_wconf 90' lang='lat' dir='ltr'><strong>improbis</strong></span> <span class='ocrx_word' id='word_1_275' title='bbox 2195 4173 2538 4238; x_wconf 85' lang='lat' dir='ltr'><strong>defendas.</strong></span> <span class='ocrx_word' id='word_1_276' title='bbox 2645 4174 2903 4238; x_wconf 86' lang='lat' dir='ltr'><strong>Pravos</strong></span> 
     </span>
     <span class='ocr_line' id='line_1_38' title="bbox 582 4277 2903 4365; baseline -0.003 -18"><span class='ocrx_word' id='word_1_277' title='bbox 582 4279 901 4365; x_wconf 82' lang='lat' dir='ltr'><strong>corrigas,</strong></span> <span class='ocrx_word' id='word_1_278' title='bbox 948 4281 1169 4342; x_wconf 88' lang='lat' dir='ltr'><strong>rectos</strong></span> <span class='ocrx_word' id='word_1_279' title='bbox 1212 4277 1544 4361; x_wconf 90' lang='lat' dir='ltr'><strong>pacifices,</strong></span> <span class='ocrx_word' id='word_1_280' title='bbox 1593 4283 1664 4342; x_wconf 91' lang='lat' dir='ltr'><strong>et</strong></span> <span class='ocrx_word' id='word_1_281' title='bbox 1706 4283 1783 4343; x_wconf 89' lang='lat' dir='ltr'><strong>ut</strong></span> <span class='ocrx_word' id='word_1_282' title='bbox 1826 4278 1998 4341; x_wconf 87' lang='lat' dir='ltr'><strong>viam</strong></span> <span class='ocrx_word' id='word_1_283' title='bbox 2047 4282 2297 4342; x_wconf 88' lang='lat' dir='ltr'><strong>rectam</strong></span> <span class='ocrx_word' id='word_1_284' title='bbox 2340 4280 2572 4340; x_wconf 88' lang='lat' dir='ltr'><strong>tenere</strong></span> <span class='ocrx_word' id='word_1_285' title='bbox 2619 4277 2903 4361; x_wconf 88' lang='lat' dir='ltr'><strong>possint,</strong></span> 
     </span>
    </p>
   </div>
   <div class='ocr_carea' id='block_1_11' title="bbox 3058 3922 3072 4619">
    <p class='ocr_par' dir='ltr' id='par_1_15' title="bbox 3058 3922 3072 4619">
     <span class='ocr_line' id='line_1_39' title="bbox 3058 3922 3072 4619; baseline 0 0"><span class='ocrx_word' id='word_1_286' title='bbox 3058 3922 3072 4619; x_wconf 95' lang='lat' dir='ltr'><strong> </strong></span> 
     </span>
    </p>
   </div>
  </div>
 </body>
</html>
