3117 5025
483 392 568 459 72
1266 396 1635 462 Dedicatio
1667 396 2013 466 Ecclesiae.

473 618 511 656 a
537 597 770 656 sinistro
813 599 1022 676 anyulo
1049 600 1305 671 orientis,
1322 600 1520 679 faciat
1558 600 1856 659 duodecim
1895 620 2081 658 eruces
2108 619 2236 658 eum
2273 598 2480 684 pollice
2514 599 2583 658 de
2623 599 2806 658 chres-

467 700 616 751 mate
641 693 741 751 sub
767 694 874 752 ccii.
906 714 967 752 cr
971 694 1161 752 acibus
1177 695 1357 772 pictis
1384 696 1451 753 in
1469 696 1809 773 parietibuS,
1838 695 2028 753 dicens
2055 695 2122 752 in
2147 695 2390 771 sinqulis
2417 695 2571 754 locis.

466 845 471 849 ,
553 788 1021 854 Sanctificetur
1065 792 1188 855 hoc
1220 792 1540 878 templum
1573 813 1693 875 per
1736 792 1936 857 istam
1972 796 2270 856 sanctam
2300 793 2682 857 unctionem
2736 797 2807 857 et

461 896 763 956 nostram
805 892 1404 972 benedictionem,
1386 915 1457 957 1n
1503 894 1771 958 nomine
1800 895 2024 959 Patris
2071 899 2143 958 et
2184 894 2342 958 Filii
2386 899 2456 960 et
2503 895 2794 981 Spiritus

465 995 714 1061 Sancti.
804 997 1039 1060 Amen.

539 1098 701 1157 Dam
728 1098 1016 1176 episcopus
1029 1098 1184 1176 jacit
1209 1097 1328 1171 hoc,
1360 1106 1616 1158 cantetur
1639 1099 1754 1158 haee
1782 1098 2119 1177 antiphona.

458 1208 2781 1367 zm

551 1383 606 1447 Ο
650 1405 848 1468 quam
892 1390 1108 1449 me-tu
1138 1422 1165 1434 -
1196 1385 1407 1449 endus
1453 1390 1560 1448 est
1602 1385 1819 1449 lo-cus
1865 1383 2059 1448 is-te·
2097 1405 2283 1448 ve-re
2352 1387 2637 1449 nonest
2678 1385 2787 1452 hic

460 1530 2676 1661 W

459 1695 556 1739 a·
585 1675 692 1739 li·
727 1676 813 1739 ud
842 1676 940 1738 ni·
946 1676 1003 1739 si
1033 1677 1115 1740 do
1121 1697 1294 1740 -mus
1327 1675 1482 1741 De·
1824 1683 1895 1741 et
1982 1698 2160 1762 por·
2192 1682 2323 1741 ·ta
2382 1698 2506 1740 c-oe
2509 1677 2580 1741 li.
2643 1721 2670 1726 -»

880 1840 2534 1955 Μπῑ

541 1983 891 2049 Psalmus.
981 1985 1707 2071 MagnusDo-mi-nus.
1783 2007 1835 2059 ‚e
1895 2008 1941 2060 u
2003 2006 2042 2049 o
2102 2007 2146 2047 u
2236 2005 2279 2049 a
2368 2005 2424 2050 e.

535 2102 807 2180 Sequitur
832 2106 1014 2163 oratio
1043 2112 1170 2163 ante
1198 2104 1395 2165 altare.

541 2198 868 2265 Dominus
902 2200 1258 2266 vobiscum.

548 2304 850 2369 Oremus.
2583 2380 2587 2383 ,

462 2489 467 2494 .
540 2407 972 2493 Omnipotens
998 2407 1394 2491 sempiterne
1416 2406 1620 2483 DeuS,
1645 2406 1929 2483 effunde,
1955 2426 2352 2489 quaesumus,
2379 2426 2579 2492 super
2596 2407 2771 2473 hunc

450 2509 666 2575 locum
711 2513 997 2598 gratiam
1044 2517 1249 2588 tuam,
1283 2517 1354 2577 et
1383 2512 1688 2576 omnibus
1731 2509 1800 2575 in
1846 2517 1913 2575 te
1962 2512 2403 2596 sperantibus,
2449 2513 2773 2578 auxilium

452 2615 553 2678 tui
584 2615 877 2680 muneris
923 2615 1236 2690 ostende3
1281 2620 1360 2680 ut
1386 2614 1494 2678 hic
1540 2618 1608 2679 et
1640 2619 2202 2678 sacramentorum
2248 2620 2516 2679 tuorum
2557 2617 2774 2681 virtus

451 2723 521 2782 et
550 2723 855 2782 votorum
887 2718 995 2782 hic
1025 2718 1404 2782 obtineatur
1434 2717 1733 2781 effectus.
1822 2716 1952 2779 Per
1980 2715 2361 2780 Dominum.

528 2820 650 2878 Hic
677 2820 1053 2879 accendantur
1088 2817 1338 2900 [cereoli]
1364 2840 1530 2896 super
1570 2839 1752 2876 cruces
1761 2817 1935 2896 foris,
1968 2826 2018 2876 et
2059 2826 2192 2876 tunc
2220 2818 2444 2876 demum
2485 2820 2769 2896 eyrediens

439 2899 655 2995 praesul
680 2916 779 2974 hoc
798 2916 986 2993 ipsum
1012 2924 1170 2975 extra
1198 2937 1325 2974 cum
1346 2915 1643 2974 chrismate
1669 2935 1735 2973 ‘cn
1763 2914 2008 2973 circuitu
2033 2914 2270 2973 ecclesiae
2280 2914 2494 2990 faeiat,
2516 2916 2765 2975 canendo

448 3013 595 3071 hanc
623 3010 1012 3088 antiphonam.
2147 3028 2152 3032 ·

471 3197 1138 3241 t--u-u--n-
1176 3207 1955 3239 “n
2002 3165 2767 3227 ——T-:F-—flq

753 3241 1546 3274 —-——-
1586 3223 2766 3282 *cz-⁸:

490 3345 495 3350 ·
532 3312 730 3398 La-pi
762 3351 788 3363 -
820 3312 938 3377 des
982 3311 1188 3397 pre-ti
1219 3347 1247 3361 -
1275 3331 1314 3374 o
1345 3348 1372 3360 -
1406 3310 1464 3374 si
1545 3331 1774 3374 omnes
1806 3311 2011 3374 mu-ri
2042 3316 2114 3375 tu
2148 3349 2174 3361 -
2206 3311 2295 3389 -i‚
2357 3318 2428 3376 et
2454 3318 2568 3376 tur
2597 3350 2623 3362 -
2655 3333 2765 3376 res

441 3626 486 3691 J
489 3648 555 3690 e·
573 3645 764 3699 ru-sa
792 3662 819 3674 -
849 3622 980 3687 lem
1027 3623 1338 3710 gem-mis
1398 3646 1450 3687 ae
1474 3660 1501 3672 -
1521 3621 1588 3686 di
1609 3660 1633 3671 -
1674 3622 1719 3685 fi
1739 3660 1766 3672 -
1787 3644 1866 3688 ca
1896 3661 1924 3674 -
1952 3623 2222 3688 buntur.

868 3808 2424 3861 —--————-=-—·———=——·-

528 3934 873 4001 Psalmus.
959 3932 1192 3997 Lauda
1246 3931 1358 3996 Je-
1361 3952 1469 3994 ru·
1473 3930 1732 3996 sa-lem.
1822 3953 1859 3996 c
1919 3955 1965 3997 u
2026 3954 2065 3997 o
2127 3954 2172 3997 u
2231 3954 2275 3998 a
2334 3953 2391 3997 e.

521 4038 603 4097 Et
631 4036 709 4094 ad
735 4035 940 4094 ostium
957 4032 1302 4111 perveniens,
1333 4032 1507 4092 dieat.

458 4131 852 4197 Dominus
881 4128 1243 4192 vobiscum.

534 4234 836 4299 oremus,
1674 4299 1677 4302 ,

524 4337 729 4414 Deus,
760 4333 873 4419 qui
923 4331 1088 4399 vivis
1119 4335 1189 4397 et
1233 4329 1462 4398 electis
1505 4331 1838 4419 lapidibus
1883 4336 2199 4401 aeternum
2245 4332 2594 4425 Majestati
2625 4341 2753 4405 tuae
