3117 5025
829 394 1266 461 Consecratio
1296 393 1555 461 altaris
1585 380 1733 461 sine
1761 394 2101 462 Ecclesia.
2483 379 2614 454 123

1140 611 1876 728 -Ξ-Ξ--ἳ

374 753 466 818 In
500 764 795 840 tempore
824 756 1186 834 Paschali,
1217 756 1306 822 Al
1337 795 1366 808 -
1395 757 1460 821 le
1491 794 1518 807 -
1547 756 1755 843 lu-ya.

505 890 1646 1045 QZ&

378 1062 505 1127 Pa.
594 1064 764 1150 Mag
790 1103 818 1118 -
848 1085 978 1129 nus
1043 1064 1148 1131 Do
1179 1103 1208 1116 -
1237 1103 1265 1115 -
1294 1066 1570 1130 mi-nus.

369 1164 512 1222 Post
536 1165 784 1225 velatum
811 1167 1012 1238 altare,
1043 1166 1202 1225 dicat
1229 1167 1517 1245 episcopas
1543 1168 1692 1226 hanc
1718 1167 2049 1226 orationem.

377 1260 815 1346 Omnipotens
877 1263 1281 1348 sempiterne
1339 1262 1547 1339 Deus,
1602 1262 1821 1327 altare
1872 1263 1999 1327 hoo
2058 1260 2310 1326 nomini
2362 1265 2482 1326 tuo
2542 1259 2610 1323 in

282 1363 543 1428 honore
606 1366 822 1430 sancti
876 1366 967 1431 N.
1020 1365 1420 1440 dedicatum,
1475 1355 1771 1430 eoelestis
1828 1365 2106 1429 virtutis
2154 1363 2615 1429 benedictione

283 1465 654 1544 sanctifica,
708 1472 778 1532 et
839 1467 1144 1532 omnibus
1195 1467 1264 1531 in
1316 1473 1386 1532 te
1438 1468 1867 1551 sperantibus
1925 1466 2162 1532 auxilii
2211 1466 2312 1531 tui
2370 1486 2615 1529 munus

284 1568 590 1647 ostende,
622 1573 701 1635 ut
743 1571 851 1635 hie
892 1576 961 1636 et
1006 1575 1578 1635 sacramentorum
1621 1575 1891 1635 tuorum
1936 1571 2153 1635 virtus
2198 1575 2269 1635 et
2307 1573 2614 1634 votorum

283 1670 674 1735 obtineatur
704 1674 1004 1737 effectus.
1093 1673 1225 1737 Per
1255 1671 1597 1737 Christum
1629 1672 2008 1737 Dominum.

368 1771 574 1831 Postea
622 1775 889 1852 offeratur
933 1775 1243 1847 incensum,
1283 1783 1334 1833 et
1356 1774 1525 1852 facta
1572 1796 1730 1834 cruce
1774 1796 1943 1855 super
1988 1775 2189 1848 altare,
2228 1774 2460 1834 dicatur
2498 1773 2613 1832 hoec

287 1868 628 1945 antiphona.

349 2036 878 2083 :tm-
2232 2029 2609 2069 Η

378 2154 609 2219 Omnis
639 2161 824 2219 terra
871 2177 914 2221 a
932 2194 959 2205 -
977 2156 1062 2219 do
1080 2194 1108 2206 -
1128 2162 1238 2220 ret
1266 2161 1335 2221 te
1385 2160 1455 2221 et
1484 2155 1637 2240 psal
1667 2155 1800 2222 -lat
1827 2156 2006 2233 ti-bi‚
2037 2154 2368 2241 psalmum
2400 2154 2610 2219 di-oat

285 2318 1308 2436 Q

281 2464 600 2529 no-mi-ni
652 2472 729 2529 tu
760 2502 786 2515 -
818 2486 878 2542 o,
927 2463 1290 2530 Do-mi-ne.

1136 2631 1761 2712 Eg:

373 2776 466 2840 In
498 2786 791 2859 tempore
821 2777 1183 2853 Paschali,
1215 2776 1302 2840 Al
1335 2813 1361 2825 ·
1392 2776 1457 2840 le
1488 2814 1507 2828 -
1546 2776 1752 2861 lu-ya.

368 2880 530 2937 Tunc
570 2880 727 2939 dicat
757 2878 1032 2959 pontzfeoe,
1066 2879 1435 2957 appodiando
1474 2901 1528 2938 se
1567 2901 1737 2958 super
1777 2880 1977 2952 altare,
2011 2881 2280 2948 ‘manibus⁴
2302 2881 2525 2958 junctis
2566 2889 2616 2939 et

283 2994 513 3033 sursum
539 2974 725 3032 devote
752 2975 1008 3045 clavatiS,
1036 2974 1183 3032 hanc
1210 2974 1539 3032 orationem.

375 3069 780 3144 Descendat,
814 3089 1211 3152 quaesumus,
1258 3068 1541 3132 Domine
1586 3067 1772 3133 Deus
1816 3074 2072 3145 noster,
2120 3069 2412 3154 Spiritus
2455 3076 2616 3134 tuus

292 3172 581 3236 Sanctus
610 3191 812 3255 super
842 3171 967 3234 hoo
997 3170 1233 3246 altare,
1266 3170 1381 3253 qui
1411 3176 1482 3234 et
1509 3170 1736 3255 populi
1785 3172 1885 3234 tui
1917 3171 2092 3235 dona
2123 3172 2513 3248 sanctificet,
2545 3177 2615 3236 et

291 3273 699 3337 sumentium
732 3273 838 3337 hio
884 3273 1086 3337 eorda
1126 3273 1450 3357 purificet.
1542 3274 1672 3336 Per
1714 3271 2069 3337 Dominum
2118 3280 2442 3338 nostrum.
2535 3275 2612 3338 In

289 3376 555 3440 unitate
587 3376 908 3458 ejusdem.

375 3477 461 3537 Ec
500 3478 730 3537 dicatur
755 3478 930 3536 missa
970 3477 1037 3536 de
1077 3484 1266 3537 sancto
1307 3476 1376 3535 de
1415 3477 1576 3554 cujus
1615 3478 1819 3537 honore
1856 3478 2154 3537 dedicatur
2192 3477 2393 3550 altare,
2421 3479 2507 3537 vel
2543 3479 2612 3538 de

287 3575 404 3632 die.

336 4413 351 4424 '
471 4430 595 4493 15*
