3117 5025
540 376 669 441 324
1210 381 1300 447 In
1339 385 1795 450 Ordinatione
1828 384 2187 468 Episcopi.

538 608 660 652 nec
743 588 1074 673 glorietur
1163 595 1503 676 potestate
1584 612 1787 677 quam
1877 590 2122 656 tribuis
2197 590 2267 652 in
2355 584 2858 652 aedificationem

541 696 607 756 et
698 713 830 758 non
907 694 976 756 in
1065 694 1645 771 destructionem3
1736 695 2175 779 quodcunque
2264 689 2583 776 ligaverit
2655 706 2863 769 super

539 802 814 871 terram,
886 797 978 861 sit
1043 797 1328 881 ligatum
1396 803 1468 861 et
1531 798 1602 860 in
1670 798 1873 872 coelis,
1939 802 2012 861 et
2072 794 2510 880 quodcunque
2579 788 2863 854 solverit

544 920 748 983 super
805 905 1079 977 terram,
1138 900 1230 966 sit
1284 901 1579 965 solutum
1634 906 1705 965 et
1756 902 1827 964 i·n
1887 901 2106 977 coelis3
2162 918 2442 979 quorum
2493 893 2864 960 detinuerit

543 1007 839 1086 peccata,
884 1004 1160 1069 detenta
1207 1004 1364 1081 sint,
1397 1013 1464 1068 et
1511 1025 1796 1088 quorum
1841 1003 2196 1078 dimiserit,
2228 1007 2305 1065 tu
2352 1000 2695 1063 dimittas:
2741 996 2858 1080 qui

539 1106 960 1171 benedixerit
1012 1106 1094 1182 ei,
1152 1108 1242 1171 sit
1293 1107 1708 1184 benedictus,
1758 1114 1829 1172 et
1878 1108 1992 1191 qui
2048 1104 2472 1169 maledixerit
2523 1103 2605 1178 ei,
2654 1101 2862 1165 male-

538 1209 941 1277 dictionibus
994 1209 1359 1294 repleatur.
1452 1211 1557 1274 Sit
1610 1211 1829 1275 fidelis
1885 1231 2122 1275 servus
2178 1215 2247 1274 et
2298 1208 2612 1292 prudens,
2658 1226 2859 1289 quem

543 1314 945 1390 constituas,
971 1315 1276 1392 Domine,
1298 1337 1501 1401 super
1528 1316 1857 1380 familiam
1889 1321 2094 1392 tuam,
2122 1319 2197 1379 ut
2226 1315 2343 1378 det
2370 1312 2510 1375 illis
2541 1311 2757 1375 cibum
2791 1309 2862 1370 in

544 1426 846 1505 tempore
878 1420 1281 1496 necessariO,
1312 1425 1390 1484 ut
1420 1421 1741 1485 exhibeat
1786 1441 2053 1485 omnem
2086 1419 2423 1482 hominem
2467 1416 2861 1500 perfectum.

549 1524 653 1588 Sit
677 1524 1127 1589 sollicitudine
1153 1524 1458 1609 impiger,
1485 1524 1578 1589 sit
1602 1524 1846 1610 spiritu
1865 1524 2136 1587 fervens
2158 1545 2173 1599 ;
2221 1522 2440 1587 oderit
2462 1518 2864 1605 superbiam,

545 1627 790 1712 diligat
839 1628 1210 1703 veritatem,
1257 1648 1380 1692 nec
1428 1649 1577 1691 eam
1621 1649 1913 1712 unquam
1963 1628 2254 1702 deserat,
2301 1631 2420 1690 aut
2465 1622 2867 1689 lassitudine

545 1734 663 1794 aut
694 1732 935 1793 timore
968 1734 1351 1813 superatus.
1440 1731 1598 1795 Non
1642 1736 1852 1815 ponat
1882 1730 2099 1794 lucem
2144 1729 2484 1804 tenebras,
2515 1749 2636 1791 nec
2681 1732 2867 1790 tene-

546 1834 706 1896 bras
757 1832 1013 1909 lucem;
1068 1853 1203 1895 non
1256 1833 1437 1897 dicat
1485 1834 1736 1899 malum
1799 1835 2068 1909 bonum,
2123 1854 2245 1896 nec
2292 1832 2541 1896 bonum
2590 1829 2863 1893 malum.

544 1937 648 2001 Sit
680 1936 1102 2020 sapientibus
1126 1942 1194 2001 et
1218 1937 1693 2021 insipientibus
1716 1938 2003 2013 debitor,
2029 1941 2106 2000 ut
2138 1937 2423 2000 fructum
2455 1935 2537 1997 de
2558 1935 2862 2019 profectu

543 2042 840 2107 omnium
885 2046 1360 2126 consequatur.
1447 2042 1741 2107 Tribuas
1784 2042 1867 2118 ei,
1899 2042 2207 2117 Domine,
2252 2040 2642 2105 cathedram
2687 2038 2864 2122 epis-

544 2146 844 2232 copalem
893 2145 977 2209 ad
1008 2146 1371 2230 regendam
1402 2145 1777 2211 Ecclesiam
1808 2152 1996 2210 tuam
2043 2150 2111 2209 et
2150 2143 2412 2229 plebem
2442 2143 2867 2206 universam:

548 2250 643 2315 sis
689 2250 751 2313 ei
798 2249 1194 2324 auctoritas,
1230 2248 1324 2312 sis
1370 2249 1431 2311 ei
1475 2248 1784 2325 firmitas,
1819 2249 1914 2312 sis
1960 2248 2021 2311 ei
2065 2253 2412 2331 potestas:
2459 2245 2863 2330 multiplices

550 2374 753 2438 super
783 2373 936 2416 eum
966 2351 1495 2415 benedictionem
1528 2357 1599 2416 et
1642 2351 1935 2437 gratiam
1980 2355 2193 2426 tuam,
2223 2355 2304 2414 ut
2344 2350 2429 2414 ad
2459 2348 2862 2412 exorandam

549 2454 1082 2521 misericordiam
1127 2459 1316 2519 tuam
1360 2459 1481 2519 tuo
1512 2474 1792 2520 munere
1839 2474 2105 2539 semper
2135 2453 2454 2530 Aidoneus,
2485 2457 2607 2518 tua
2634 2451 2860 2537 gratia

549 2559 769 2645 possit
798 2580 951 2623 esse
983 2559 1290 2623 devotus.
1376 2558 1527 2622 Per.

626 2665 817 2743 Super
844 2664 1052 2721 oblata.

639 2763 936 2847 Suscipe,
991 2761 1297 2837 Domine,
1351 2780 1751 2843 quaesumus,
1806 2780 2083 2823 munera
2134 2781 2278 2842 quae
2337 2757 2463 2823 tibi
2525 2757 2864 2820 offerimus

548 2890 670 2954 pro
715 2865 970 2931 famulo
1015 2870 1133 2928 tuo
1180 2864 1286 2927 ill.
1321 2871 1392 2928 et
1419 2863 1755 2948 propitius
1801 2863 1870 2925 in
1917 2863 2146 2925 eodem
2192 2868 2313 2927 tua
2356 2863 2534 2926 dona
2577 2860 2859 2925 custodi.

544 2976 674 3039 Per
703 2968 1060 3034 Dominum
1090 2972 1414 3030 nostrum.

630 3073 807 3149 Infra
834 3070 1131 3127 actionem.

632 3171 829 3235 Hanc
872 3167 1086 3252 igitur
1132 3165 1540 3230 oblationem
1585 3187 1785 3250 quam
1828 3166 1955 3230 tibi
2000 3166 2363 3242 offerimus,
2396 3165 2701 3241 Domine,
2733 3186 2854 3248 pro
2932 3181 2941 3195 ·

545 3272 796 3342 famulo
856 3277 974 3335 tuo
1035 3270 1141 3333 ill.
1204 3290 1400 3353 quem
1462 3269 1549 3334 ad
1608 3267 2060 3354 pontificalem
2115 3268 2399 3352 gloriam
2460 3288 2853 3353 promovere

543 3385 862 3468 dignatus
916 3398 1011 3452 οε,
1065 3396 1465 3459 quaesumus,
1520 3374 1826 3450 Domine,
1881 3379 1959 3438 ut
2014 3371 2325 3458 placatus
2383 3373 2719 3457 accipias3
2781 3377 2858 3436 ut

542 3486 722 3571 quod
774 3481 1000 3546 divino
1049 3499 1323 3542 munere
1374 3484 1774 3546 consecutus
1823 3483 1950 3554 est,
1998 3483 2122 3542 tua
2179 3478 2250 3539 in
2313 3499 2391 3540 eo
2442 3477 2857 3562 protectione

544 3593 873 3654 firmetur.
965 3585 1116 3648 Per.

624 3692 733 3749 Ad
760 3688 1172 3767 complendum.

628 3787 903 3861 Adeste,
926 3783 1307 3847 misericors
1336 3780 1543 3858 Deus,
1567 3787 1644 3845 ut
1672 3782 1851 3865 quod
1874 3786 2096 3846 actum
2122 3786 2228 3845 est
2246 3786 2488 3845 nostrae
2509 3782 2855 3846 servitutis

541 3891 776 3966 officie,
807 3894 930 3952 tua
957 3884 1417 3951 benedictione
1448 3885 1777 3949 firmetur.
1865 3886 2013 3949 Per.

620 3993 727 4050 Ad
749 3989 1044 4068 populum.

628 4085 1004 4153 Ecclesiam
1049 4090 1259 4159 tuam,
1305 4082 1611 4159 Domine,
1655 4084 1988 4169 benignus
2031 4081 2362 4159 illumina,
2393 4088 2472 4146 ut
2516 4086 2587 4145 et
2628 4083 2860 4167 gregis

540 4195 639 4260 tui
702 4187 1009 4277 proficiat
1069 4186 1313 4270 ubique
1373 4207 1748 4264 successus,
1813 4193 1882 4251 et
1938 4186 2119 4271 grati
2177 4187 2346 4251 fiant
2403 4185 2654 4250 nomini
2674 4197 2689 4222 '
2715 4190 2860 4263 tu0,

541 4306 609 4362 te
640 4296 1078 4382 gubernante,
1109 4296 1441 4374 pastores.
1533 4292 1683 4354 Per.
