3117 5025
531 374 661 439 228
1280 381 1719 446 Consecratio
1749 382 2105 463 Episcopi.

527 580 868 648 exteriora
890 581 1351 670 circumtegat.
1442 585 1762 651 Abundet
1784 586 1852 649 in
1884 606 1963 649 eo
1989 583 2369 649 constantia
2392 580 2566 656 fidei,
2593 578 2856 664 puritas

531 681 931 760 dilectionis,
967 687 1321 752 sinceritas
1350 688 1559 771 pacis.
1652 688 1803 751 Sint
1834 686 2140 770 speciosi,
2171 705 2444 748 munere
2476 689 2614 758 tu0,
2649 680 2856 765 pedes

532 784 617 848 ad
648 787 1242 871 evangelizandum
1272 810 1522 873 pacem,
1556 789 1642 853 ad
1673 788 2266 873 evangelizandum
2312 788 2490 850 bona
2519 789 2657 849 tua.
2747 781 2858 844 Da

529 887 614 962 ei,
647 887 953 965 Domine,
986 890 1431 956 ministerium
1462 891 2049 967 reconciliationis,
2075 890 2142 953 in
2175 889 2397 953 verbis
2430 894 2499 952 et
2528 887 2598 949 in
2628 884 2851 960 factiS,

531 989 601 1051 in
633 989 886 1055 virtute
921 992 1263 1077 signorum
1311 1000 1379 1059 et
1422 994 1904 1079 prodigiorum.
1996 994 2100 1057 Sit
2145 1012 2363 1056 sermo
2392 991 2540 1072 ejus
2586 992 2653 1052 et
2686 1007 2850 1069 prae-

532 1089 778 1153 dicatio
807 1113 940 1158 non
973 1094 1041 1158 in
1075 1095 1571 1178 persuabilibus
1618 1097 1922 1160 humanae
1974 1095 2319 1179 sapientiae
2364 1092 2588 1156 verbis
2619 1088 2735 1153 sed
2782 1088 2852 1150 in

534 1192 916 1257 ostensione
965 1197 1244 1280 spiritus
1289 1204 1359 1263 et
1405 1197 1700 1262 virtutis.
1789 1197 1896 1261 Da
1941 1198 2021 1274 ei,
2057 1195 2359 1271 Domine,
2392 1194 2616 1258 claves
2660 1189 2852 1274 regni

532 1293 867 1372 coelorum,
900 1305 978 1363 ut-
1024 1304 1276 1375 utatur,
1308 1322 1441 1364 non
1487 1301 1842 1385 glorietur,
1873 1304 2212 1383 potestate
2245 1319 2443 1382 quam
2490 1294 2733 1359 tribuis
2778 1293 2849 1354 in

532 1397 1055 1477 aedificationem,
1102 1423 1233 1465 non
1279 1403 1349 1466 in
1402 1404 1946 1467 destructionem.
2033 1401 2480 1486 Quodcunque
2531 1395 2852 1482 ligaverit

534 1519 734 1583 super
764 1508 1032 1579 terram,
1065 1504 1155 1568 sit
1185 1504 1468 1589 ligatum
1515 1513 1585 1571 et
1614 1506 1684 1568 in
1726 1505 1945 1580 coelis3
1993 1509 2063 1567 et
2091 1503 2523 1588 quodcunque
2571 1498 2847 1563 solverit

532 1621 736 1686 super
786 1610 1055 1683 terram,
1113 1607 1204 1671 sit
1256 1606 1546 1671 solutum
1602 1613 1671 1672 et
1721 1608 1793 1670 in
1847 1607 2049 1670 coelis.
2140 1606 2431 1690 Quorum
2484 1601 2847 1667 detinuerit

529 1711 825 1786 peccata,
856 1707 1133 1772 detenta
1163 1709 1338 1783 sint;
1386 1715 1457 1772 et
1486 1730 1765 1792 quorum
1809 1708 2157 1784 dimiserit,
2190 1716 2267 1771 tu
2310 1706 2633 1770 dimittas.
2722 1701 2844 1786 Qui

533 1806 958 1874 maledixerit
1015 1811 1097 1886 ei,
1159 1812 1249 1875 sit
1308 1811 1426 1875 ille
1486 1811 1921 1887 maledictus3
1983 1817 2052 1874 et
2112 1811 2225 1893 qui
2288 1807 2707 1875 benedixerit
2765 1805 2846 1882 ei,

533 1908 1107 1978 benedictionibus
1171 1913 1535 1998 repleatur.
1658 1915 1760 1979 Sit
1827 1914 2044 1977 fidelis
2108 1934 2343 1977 servus
2403 1917 2473 1975 et
2538 1911 2849 1995 prudens,

531 2032 729 2093 quem
774 2015 1167 2092 constituas,
1202 2016 1505 2091 Domine,
1541 2037 1744 2100 super
1787 2016 2111 2080 familiam
2156 2022 2381 2090 tuam;
2429 2020 2505 2077 ut
2550 2014 2665 2076 det
2708 2012 2842 2074 illis

532 2115 752 2178 cibum
803 2117 873 2180 in
926 2122 1227 2202 tempore
1282 2124 1678 2203 opportuno,
1724 2124 1794 2183 et
1845 2119 2159 2183 exhibeat
2205 2140 2463 2182 omnem
2515 2115 2846 2180 hominem

535 2218 924 2301 perfectum.
1047 2221 1151 2285 Sit
1211 2221 1664 2287 sollicitudine
1731 2223 2034 2306 impiger,
2098 2223 2189 2287 sit
2255 2222 2497 2306 spiritu
2556 2220 2849 2282 fervens.

536 2320 769 2386 Oderit
838 2325 1238 2408 superbiam,
1306 2326 1759 2390 humilitatem
1823 2326 2084 2410 diligat,
2153 2347 2273 2388 nec
2340 2345 2490 2388 eam
2557 2344 2847 2406 unquam

533 2424 821 2502 deserat,
850 2434 970 2493 aut
1000 2427 1311 2492 laudibus
1342 2434 1462 2493 aut
1485 2429 1724 2493 timore
1752 2436 2131 2514 superatus.
2222 2428 2377 2492 Non
2397 2432 2604 2512 ponat
2632 2426 2849 2488 lucem

535 2530 868 2605 tenebras,
901 2552 1024 2595 nec
1069 2534 1384 2597 tenebras
1432 2532 1689 2609 lucem;
1740 2554 1872 2596 non
1918 2533 2095 2596 dicat
2142 2531 2388 2595 malum
2435 2532 2702 2604 bonum,
2730 2550 2852 2592 nec

538 2635 781 2699 bonum
828 2637 1098 2702 malum.
1192 2638 1296 2702 Sit
1343 2638 1761 2722 sapientibus
1807 2642 1879 2700 et
1932 2637 2403 2721 insipientibus
2448 2635 2731 2709 debitor,
2778 2639 2855 2697 ut

536 2741 826 2804 fructum
900 2741 982 2804 de
1056 2741 1359 2826 profectu
1437 2742 1731 2806 omnium
1806 2747 2272 2823 consequatur.
2403 2739 2690 2802 Tribuas
2765 2737 2848 2813 ei,

536 2843 838 2918 Domine,
873 2844 1257 2908 cathedram
1291 2843 1734 2927 episcopalem
1782 2843 1864 2906 ad
1896 2843 2256 2926 regendam
2288 2841 2631 2905 ecclesiam
2666 2846 2850 2902 tuam

538 2950 605 3007 et
638 2944 898 3028 plebem
933 2945 1058 3008 sibi
1083 2947 1527 3009 commissam.
1619 2944 1724 3008 Sis
1757 2945 1818 3007 ei
1843 2945 2209 3008 auctoritas
2235 2968 2250 3019 ;
2300 2944 2394 3007 sis
2419 2943 2480 3006 ei
2510 2947 2851 3027 potestas3

538 3050 631 3113 sis
683 3048 747 3111 ei
800 3048 1104 3112 firmitas.
1195 3048 1614 3132 Multiplices
1670 3069 1872 3132 super
1926 3070 2077 3111 eum
2129 3047 2734 3126 beneffidictionem
2781 3052 2853 3111 et

535 3151 825 3235 gratiam
858 3156 1064 3225 tuam,
1097 3156 1173 3213 ut
1212 3151 1295 3213 ad
1342 3149 1746 3213 exorandam
1793 3170 2058 3233 semper
2102 3149 2618 3213 misericordiam
2665 3154 2850 3212 tuam

537 3262 654 3318 tuo
714 3275 987 3317 munere
1048 3254 1348 3330 idoneus,
1399 3257 1518 3317 tua
1571 3253 1794 3338 gratia
1854 3255 2073 3338 possit
2125 3275 2271 3317 esse
2333 3254 2635 3317 devotus
2725 3255 2855 3317 Per

538 3358 895 3423 Dominum
926 3362 1253 3420 nostrum.

624 3463 703 3526 In
735 3462 995 3526 unitate
1042 3460 1362 3544 ejusdem,
1395 3462 1679 3523 dicatur
1721 3463 2019 3523 demissa
2050 3481 2230 3536 voce,
2263 3470 2328 3523 et
2371 3463 2854 3542 respondeant,

538 3567 770 3629 Amen.

619 3666 906 3741 Completa
930 3672 1113 3720 autem
1144 3662 1540 3732 benedictione,
1566 3664 1854 3738 confirmet
1881 3685 2116 3722 manum
2144 3673 2195 3721 et
2220 3665 2499 3742 pollicem,
2527 3685 2849 3723 consecrans

534 3781 662 3818 cum
689 3760 1008 3827 chrismate,
1038 3758 1244 3814 dicens.

619 3854 805 3917 Deus
837 3857 908 3915 et
937 3852 1139 3915 Pater
1183 3848 1453 3915 Domini
1484 3853 1699 3916 nostri
1728 3852 1771 3917 J
1776 3874 1895 3917 esu
1943 3853 2218 3930 Christi,
2250 3855 2366 3937 qui
2399 3860 2468 3918 te
2515 3855 2599 3918 ad
2629 3856 2850 3940 ponti·-

533 3959 768 4021 ficatus
831 3954 1179 4019 sublimari
1238 3951 1454 4017 voluit
1520 3953 1942 4039 dignitatem,
2003 3959 2148 4042 ipse
2217 3963 2286 4022 te
2355 3959 2717 4022 chrismate
2780 3965 2852 4024 et

534 4061 823 4143 mysticae
869 4057 1296 4122 delibutionis
1343 4052 1621 4139 liquore'
1649 4059 2025 4143 perfundat,
2069 4066 2137 4124 et
2183 4061 2554 4143 spirltualis
2598 4061 2849 4141 beneffi

535 4163 843 4229 dictionis
897 4163 1203 4225 ubertate
1258 4159 1634 4237 foecundet3
1688 4170 1764 4224 ut
1817 4163 2129 4246 quicquid
2181 4163 2602 4228 benedixeris
2654 4165 2856 4228 bene-
