3117 5025
1091 384 1465 454 Dedioatio
1487 384 1840 455 Ecclesia.
2039 435 2046 444 .
2540 381 2626 453 77

300 594 550 656 auctor
584 589 915 656 efficiatur
953 590 1257 658 infector.
1347 590 1479 657 Sed
1519 595 1594 658 te
1639 589 1987 677 praecipue,
2033 587 2139 656 cui
2182 588 2360 655 hanc
2396 607 2626 654 curam

306 693 861 771 commendamus,
881 693 1387 772 interveniente,
1406 695 1843 779 omnibusque
1862 692 2116 759 sanctis
2132 691 2629 776 adjuvantibus,

305 795 541 882 clypeo
584 796 794 862 divini
822 796 1173 862 tutaminis
1216 818 1259 862 a
1304 796 1574 862 loesione
1617 797 1915 882 corporis
1955 800 2027 861 et
2068 796 2303 862 animae
2348 792 2632 881 protecti

304 919 539 963 omnes
579 897 689 964 hic
732 899 1092 964 adorantes
1134 899 1596 965 exaudiantur.
1686 898 2132 964 Odoramenta
2176 919 2437 983 quoque
2481 917 2631 963 ora·

304 1000 567 1066 tionum
626 1000 842 1086 plebis
895 999 1288 1068 Christianae
1339 1001 1410 1066 in
1461 1000 1774 1068 libatorio
1823 1000 2008 1067 vasis
2066 1001 2274 1079 aurei,
2327 999 2629 1087 angelico

305 1101 667 1168 comitatus
680 1101 1046 1188 juvamine,
1069 1103 1156 1169 ad
1184 1103 1409 1169 Patris
1430 1104 1744 1170 thronum
1767 1107 1844 1170 tu
1865 1102 2172 1169 conferas
2193 1124 2327 1189 prae
2355 1100 2631 1179 caeteris,

305 1209 643 1289 quatenus
692 1203 846 1290 jugi
901 1204 1154 1271 intuitu
1203 1204 1532 1271 Dominus
1593 1206 1778 1271 Deus
1833 1210 2083 1283 noster,
2134 1226 2260 1291 per
2310 1205 2630 1270 virtutem

313 1313 561 1374 sanctae
605 1308 841 1386 crucis,
871 1308 982 1372 hic
1024 1306 1478 1393 ingredientes
1508 1313 1581 1374 et
1621 1311 1892 1374 orantes
1933 1306 2108 1373 tueri
2149 1311 2221 1373 et
2262 1307 2635 1393 gubernare

309 1411 643 1496 dignetur.
733 1410 861 1499 Qui
901 1411 1070 1478 vivit
1110 1415 1181 1477 et
1222 1416 1465 1498 regnat
1506 1433 1630 1501 per
1670 1410 1896 1486 omnia
1938 1409 2181 1477 saecula
2223 1409 2633 1478 saeculorum.

312 1514 546 1583 Amen.

391 1616 501 1674 Ad
525 1614 916 1693 complendam
942 1637 963 1675 .-
1000 1614 1351 1675 Benedictio.

398 1711 783 1776 Benedictio
804 1710 933 1777 Dei
953 1711 1258 1794 Paffltris
1288 1711 1784 1798 omnipotentis,
1807 1717 1879 1779 et
1907 1711 2144 1801 Fiffilii
2169 1716 2239 1777 et
2262 1709 2635 1799 Spiritus&

314 1813 544 1880 Sancti
572 1819 843 1879 maneat
889 1834 1090 1899 super
1132 1814 1401 1879 domum
1430 1815 1635 1884 istam
1665 1820 1737 1881 et
1765 1836 1968 1901 super
2009 1834 2241 1880 omnes
2277 1814 2638 1880 adorantes

317 1916 389 1981 in
439 1938 539 1981 ea.
629 1916 756 2001 Qui
811 1917 1031 1982 trinus
1077 1917 1148 1981 in
1207 1917 1467 1984 unitate
1519 1923 1593 1984 et
1641 1939 1815 1984 unus
1866 1918 1937 1982 in
1988 1917 2294 1984 trinitate
2345 1915 2517 1983 vivit
2564 1919 2638 1982 et

314 2018 647 2105 gloriatur
672 2019 879 2097 DeuS,
911 2040 1033 2104 per
1060 2018 1325 2086 infinita
1354 2021 1596 2087 saecula
1626 2020 2035 2087 saeculorum.
2123 2021 2357 2086 Amen.

393 2123 605 2181 Finita
643 2123 1118 2182 commendatione
1156 2124 1412 2197 ecclesiae,
1439 2125 1765 2202 eqrediatwr
1793 2124 2051 2204 pontifex
2086 2144 2216 2183 cum
2252 2121 2554 2194 ministris,
2586 2129 2637 2180 et

315 2225 484 2277 auat
534 2238 591 2276 se
636 2217 992 2289 vestimentis,
1043 2217 1244 2295 quibus
1282 2219 1456 2297 prius
1507 2220 1784 2292 utebatur,
1833 2219 2064 2296 lotisque
2113 2217 2393 2290 manibus,
2440 2236 2636 2275 rursus

315 2314 588 2372 vestiatur
640 2313 789 2386 alba,
832 2313 994 2385 stola,
1046 2314 1261 2386 tunica,
1313 2314 1651 2391 dalmatica,
1703 2314 2022 2394 manipulo,
2072 2314 2286 2387 casula,
2332 2311 2530 2383 mitra,
2587 2319 2640 2371 et

311 2407 663 2466 chirothecis.
743 2407 830 2468 M
822 2408 1024 2467 inistri
1055 2429 1269 2487 qaoque
1294 2409 1637 2469 induantur.
1718 2409 2015 2469 Diaconus
2042 2408 2270 2486 quidem
2297 2407 2448 2481 alba,
2474 2406 2639 2476 stola,

313 2501 630 2561 dalmatica
656 2508 709 2561 et
733 2502 1035 2581 manipulo
1057 2525 1083 2576 ;
1119 2503 1512 2578 subdiaconem,
1541 2504 1693 2576 alba,
1724 2502 1942 2576 tunica,
1973 2512 2025 2563 et
2049 2501 2347 2582 manipulo
2364 2523 2390 2575 ,⁶
2426 2499 2639 2580 reliqui

316 2597 422 2677 qui
445 2597 749 2657 necessarii
770 2606 918 2669 sunt,
949 2599 1096 2658 sicut
1120 2599 1558 2677 uniuscujusque
1584 2600 1844 2678 competit
1868 2598 2205 2662 ministerio.

397 2691 614 2763 Quibus
641 2691 881 2763 indutis,
900 2693 1235 2771 praecedente
1254 2714 1430 2767 cruce,
1448 2694 1821 2767 candelabris,
1842 2693 2145 2766 thuribulo,
2166 2700 2317 2751 teaetu
2337 2690 2637 2768 evanyelii,

322 2787 648 2864 caeterisque
686 2787 1065 2865 reliquiarum
1091 2788 1280 2860 thecis,
1306 2809 1435 2847 cum
1473 2789 1634 2848 omni
1667 2789 2018 2848 veneratione
2046 2788 2320 2867 procedat
2356 2787 2643 2867 episcopus

313 2902 444 2941 cam
470 2882 630 2941 omni
649 2882 790 2941 clero
817 2883 897 2942 ad
915 2883 1202 2943 ecclesiam
1221 2905 1394 2962 quam
1420 2885 1780 2958 consecravit,
1804 2884 1951 2944 hanc
1970 2884 2219 2945 canendo
2245 2884 2640 2963 antiphonam.

313 3070 2641 3190 w

402 3215 753 3280 Sanc-tum
821 3220 930 3281 est
993 3226 1136 3279 ve‘-
1163 3236 1313 3280 rum
1386 3216 1459 3279 lu
1489 3253 1518 3266 -
1546 3237 1702 3281 men
1768 3221 1841 3285 et
1904 3217 2112 3285 ad-mi
2142 3254 2170 3268 -
2199 3238 2306 3282 ra·
2335 3216 2403 3282 bi
2435 3254 2461 3267 -
2493 3252 2519 3265 -
2550 3214 2636 3299 le,

196 3516 207 3521 ,
316 3384 2640 3531 w

318 3555 412 3625 mi
442 3594 470 3608 -
499 3592 529 3608 -
560 3554 888 3620 nis-trans
918 3554 990 3618 lu
1020 3591 1048 3605 -
1066 3575 1209 3623 cem
1237 3555 1346 3621 his
1375 3556 1487 3647 qui
1575 3561 2145 3642 perman-se-runt
2172 3556 2244 3622 in
2273 3577 2316 3623 a
2335 3576 2465 3639 -go
2497 3592 2525 3606 -
2553 3575 2638 3623 ne

318 3741 2420 3901 fflffi-*a
2392 3771 2645 3864 ᾗ

318 3971 432 4018 cer
456 3984 485 3998 -
506 3949 878 4016 ta-mi-nis:
910 3949 1077 4014 re-ci
1130 3986 1156 3999 -
1187 3950 1257 4036 pi
1287 3987 1313 4000 -
1344 3953 1468 4016 unt
1492 3949 1578 4016 ab
1628 3949 1808 4036 ip-so
1839 3948 2144 4037 splendo-
2173 3971 2313 4016 rem
2345 3951 2585 4037 sem-pi
2618 3988 2643 4002 -

315 4153 2329 4290 {Ti-w

315 4319 423 4380 ter
453 4348 481 4362 -
512 4332 671 4376 num
701 4310 772 4376 in
803 4331 934 4395 quo
1013 4308 1303 4377 as·si-du
1335 4347 1362 4370 -.·
1394 4331 1431 4375 e
1481 4310 1642 4377 1fe-li
1662 4348 1689 4363 ·
1708 4332 1819 4377 ces
1878 4311 1959 4376 1ae
1986 4318 2306 4378 ·tan-tur.
