3117 5025
544 356 670 418 312
1196 304 1297 425 be
1335 362 1705 425 Ordinibus
1745 362 2202 443 Confer-endis.

830 766 1159 835 ORATIO
1206 767 1329 832 AD
1373 767 2000 834 ORDINANDUM
2053 767 2558 833 DIAOONUM.

627 983 925 1062 OremuS,
960 985 1398 1064 dilectissimi,
1425 985 1640 1051 Deum
1672 987 1941 1052 Patrem
1975 987 2518 1070 omnipotentem,
2544 992 2620 1049 ut
2651 1004 2891 1069 superi

536 1087 712 1151 hunc
779 1089 1103 1152 famulum
1164 1111 1380 1166 suum,
1442 1111 1641 1174 quem
1710 1090 1779 1154 in
1840 1111 2102 1154 sacrum
2173 1089 2472 1165 ordinem
2533 1088 2860 1172 dignatur

535 1212 899 1268 assumere,
923 1194 1407 1257 benedictionis
1435 1215 1568 1257 suae
1598 1194 1888 1278 gratiam
1920 1192 2285 1256 clementer
2316 1190 2636 1265 effundat,
2660 1190 2861 1272 eique

535 1294 778 1358 donum
825 1296 1347 1360 consecrationis
1406 1295 1776 1380 indulgeat,
1829 1317 1949 1379 per
1999 1294 2175 1379 quod
2235 1316 2384 1358 eum
2439 1293 2524 1358 ad
2578 1292 2856 1376 praemia

534 1404 783 1463 fleterna
842 1399 1181 1484 perducat,
1243 1399 1613 1463 auxiliante
1681 1399 1968 1462 Domino
2031 1403 2261 1462 nostro
2330 1397 2497 1462 Jesu
2558 1395 2856 1460 Christo.

535 1499 660 1584 Qui
690 1521 839 1565 cum
872 1523 950 1565 eo
983 1502 1151 1566 vivit
1184 1512 1253 1566 et
1284 1506 1526 1586 regnat
1555 1500 1760 1565 Deus.
1854 1503 2003 1586 Per.

1610 1603 1776 1661 Alia.

618 1696 899 1774 Exaudi,
948 1697 1247 1773 Domine,
1295 1718 1529 1781 preces
1584 1706 1874 1774 nostras,
1924 1704 1995 1761 et
2044 1718 2244 1780 super
2297 1697 2472 1760 hunc
2519 1694 2850 1758 famulum

531 1806 722 1864 tuum
771 1800 1094 1884 Spiritum
1142 1806 1272 1864 tuae
1317 1800 1799 1865 benedictionis
1846 1802 2097 1876 emitte,
2146 1807 2221 1864 ut
2269 1800 2520 1864 coelesti
2573 1821 2852 1863 munere

530 1905 807 1980 ditatus,
839 1912 908 1968 et
953 1911 1082 1969 tuae
1128 1906 1420 1990 gratiam
1464 1906 1680 1988 possit
1726 1906 2103 1988 majestatis
2149 1904 2519 1988 acquirere,
2566 1911 2635 1968 et
2679 1904 2850 1967 bene

533 2007 796 2071 vivendi
828 2006 981 2072 aliis
1014 2007 1388 2091 exemplum
1421 2008 1737 2091 praebere.
1832 2009 1979 2071 Per.

1606 2112 1662 2164 A
1675 2110 1779 2167 lia.

619 2205 823 2280 DeuS,
883 2205 992 2288 qui
1066 2225 1137 2267 es
1198 2205 1499 2269 conlator
1562 2225 1901 2269 sacrarum
1967 2204 2360 2289 magnificus
2417 2203 2847 2287 dignitatum,

533 2295 910 2393 quaesumus
941 2313 1017 2372 ut
1042 2308 1216 2370 hunc
1248 2307 1569 2371 famulum
1605 2313 1812 2384 tuum,
1839 2328 2035 2390 quem
2070 2307 2153 2370 ad
2178 2307 2461 2370 officium
2489 2306 2846 2370 levitarum

535 2432 770 2476 vocare
802 2409 1124 2495 dignariS,
1150 2409 1388 2475 altaris
1423 2409 1638 2474 sancti
1671 2411 2110 2474 m1nisterium
2147 2410 2411 2473 tribuas
2445 2409 2850 2472 sufficienter

535 2516 835 2600 implere,
884 2516 1272 2601 cunctisque
1325 2515 1518 2578 donis
1568 2516 1804 2599 gratiae
1857 2515 2368 2591 redundantem,
2417 2521 2486 2577 et
2538 2514 2847 2577 fiduciam

540 2621 669 2685 sibi
714 2625 843 2683 tuae
873 2620 1254 2703 majestatis
1298 2619 1642 2701 acquirere
1676 2624 1745 2683 et
1775 2619 1927 2683 aliis
1958 2620 2254 2704 praebere
2297 2619 2510 2683 facias
2540 2620 2850 2702 perfectae

536 2723 909 2788 devotionis
940 2723 1340 2807 exemplum.
1434 2724 1582 2786 Per.

1544 2824 1917 2883 ConsecratiO.

621 2919 896 2994 Adesto,
942 2938 1339 3001 quaesumus,
1388 2917 1807 3001 omnipotens
1852 2917 2057 2994 Deus,
2102 2919 2427 2981 honorum
2473 2916 2689 2994 dator,
2738 2940 2838 2982 or-

532 3022 761 3086 dinum
793 3021 1216 3094 distributor,
1249 3019 1743 3097 officiorumque
1776 3019 2157 3103 dispositor,
2188 3020 2302 3102 qui
2349 3020 2419 3082 in
2465 3025 2531 3083 te
2564 3041 2840 3084 manens

532 3124 815 3188 innovas
861 3122 1103 3197 omnia,
1147 3127 1217 3184 et
1260 3127 1501 3185 cuncta
1546 3121 1908 3204 disponens
1951 3143 2074 3207 per
2117 3121 2438 3197 Verbum,
2486 3122 2844 3199 Virtutem,

534 3225 1077 3311 sapientiamque
1108 3229 1314 3298 tuam,
1346 3223 1383 3287 ,J
1394 3245 1580 3286 esum
1614 3224 1955 3287 Christum
1987 3223 2232 3287 Filium
2265 3231 2454 3287 tuum
2488 3224 2839 3289 Dominum

533 3336 856 3406 nostrum,
888 3329 1294 3413 sempiterna
1325 3327 1747 3411 providentia
1776 3349 2133 3419 praeparas,
2161 3335 2229 3391 et
2261 3328 2546 3413 singulis
2577 3330 2845 3413 quibus-

533 3458 661 3519 que
707 3433 1120 3517 temporibus
1166 3430 1461 3514 aptanda
1504 3431 1896 3514 dispensas:
1942 3429 2136 3512 cujus
2181 3451 2446 3515 corpus,
2478 3432 2840 3497 Ecclesiam

534 3546 720 3603 tuam
774 3535 1142 3600 coelestium
1193 3531 1570 3617 gratiarum
1628 3533 1957 3596 varietate
2011 3532 2396 3597 distinctam
2452 3555 2848 3620 suorumque

531 3639 933 3704 discretione
965 3636 1431 3709 membrorum,
1459 3654 1580 3716 per
1609 3633 1826 3719 legem
1861 3633 2236 3698 mirabilem
2270 3636 2481 3700 totius
2505 3639 2842 3722 compagis

534 3742 861 3806 unitatem
879 3739 950 3802 in
971 3744 1406 3822 augmentum
1426 3735 1660 3821 templi
1680 3736 1781 3800 tui
1804 3757 2106 3800 crescere
2129 3737 2533 3821 dilatarique
2555 3737 2844 3823 largiris,

534 3843 710 3909 sacri
740 3842 1038 3905 muneris
1085 3840 1479 3905 servitutem
1511 3839 1713 3902 trinis
1742 3840 2068 3923 gradibus
2110 3839 2571 3905 ministrorum
2603 3843 2848 3905 nomini

532 3955 649 4012 tuo
696 3944 1081 4008 ministrare
1128 3943 1592 4016 constituens3
1642 3941 1880 4005 electis
1927 3942 2010 4006 ab
2057 3942 2253 4007 initio
2299 3942 2466 4007 Levi
2512 3944 2693 4020 filiis,
2737 3946 2843 4029 qui

531 4047 835 4133 mysticis
866 4046 1367 4131 operationibus
1397 4045 1631 4107 domus
1679 4049 1807 4106 tuae
1847 4043 2159 4107 fidelibus
2202 4047 2502 4110 excubiis
2542 4069 2839 4131 perman·
2873 4051 2880 4056 ’

531 4158 743 4225 entes,
819 4148 1261 4211 hereditatem
1336 4145 1823 4209 benedictionis
1899 4150 2159 4210 aeternae
2253 4155 2435 4212 sorte
2523 4159 2840 4233 perpetua

532 4256 987 4341 possiderent;
1039 4274 1239 4337 super
1284 4252 1458 4314 hunc
1506 4271 1769 4334 quoque
1815 4251 2137 4315 famulum
2191 4258 2399 4329 tuum,
2448 4275 2836 4338 quaesumus,
