3117 5025
532 377 661 442 296
796 380 1198 445 Benedictio
1231 379 1530 461 Lapidis
1550 401 1688 461 pro
1719 381 2201 446 Fundamento
2241 379 2596 445 Ecclesiae.

623 900 839 973 From
875 901 983 973 the
1018 900 1403 995 Pontifical
1436 902 1525 994 of
1545 899 1986 995 Archbiehop
2025 900 2359 974 Chichele.

530 1098 975 1148 BENEDIC'I'IO
1021 1098 1314 1147 LAPIDIS
1361 1099 1501 1146 PRO
1547 1098 2048 1148 FUNDAMEN'I'O
2079 1098 2428 1147 ALICUJUS
2477 1097 2850 1147 EchEslffi

1004 1201 1100 1250 DE
1147 1201 1342 1251 Novo
1389 1203 1929 1252 CONS'I'RUENDAE
1975 1202 2357 1252 ORDINATI.

610 1339 819 1400 Primo
845 1342 1153 1419 episcopus,
1173 1340 1605 1418 pontificalibus
1632 1341 1887 1412 indutae,
1916 1342 2118 1400 stando
2133 1341 2309 1419 juxta
2337 1341 2610 1420 lapidem,
2640 1341 2823 1401 dicat.

613 1437 1041 1521 Adjutorium
1074 1440 1380 1500 nostrum
1413 1435 1482 1497 in
1514 1436 1780 1499 nomine
1813 1435 2107 1501 Domini.

617 1541 720 1605 Sit
751 1560 991 1603 nomen
1024 1538 1295 1602 Domini
1326 1538 1777 1602 benedictum.

616 1641 779 1699 Tunc
824 1649 1091 1718 sequatur
1131 1641 1404 1698 memoria
1450 1640 1574 1698 sine
1628 1641 2166 1715 commemoratione,
2211 1641 2282 1700 de
2340 1639 2545 1699 Sancto
2593 1639 2853 1718 Spiritu,

529 1738 805 1796 videlicet.
1196 1787 1202 1795 .
1228 1810 1231 1813 ⁴

616 1833 910 1919 Spiritus
940 1833 1211 1896 Domini
1241 1831 1536 1916 replevit
1565 1833 1790 1896 orbem
1825 1836 2160 1896 terrarum
2192 1835 2303 1897 &c.

605 1938 832 1996 Deinde
860 1937 1092 1994 dicatur
1130 1935 1406 1994 memoria
1434 1935 1502 1992 de
1527 1943 1719 1993 sancto
1759 1934 1845 1993 vel
1869 1934 1938 1992 de
1964 1936 2176 1994 sanctis
2204 1936 2270 1993 in
2311 1956 2551 2012 quorum
2578 1936 2665 1994 vel
2691 1936 2855 2011 cujus

524 2034 728 2092 honore
738 2031 1000 2106 fundata
1028 2038 1105 2089 est
1132 2030 1378 2088 ecclesia.

605 2127 823 2200 Quibus
849 2126 1040 2196 dictis,
1073 2125 1232 2183 dicat
1260 2125 1549 2201 episcopus
1577 2125 1858 2182 orationes
1885 2132 2163 2201 sequentes
2192 2145 2319 2182 cum

606 2224 933 2289 Dominus
965 2222 1303 2287 vobiscum
1337 2230 1400 2284 et
1432 2220 1735 2283 Oremus.

614 2327 920 2402 Benedic,
954 2325 1258 2400 Domine,
1291 2329 1669 2388 creaturam
1702 2324 1903 2387 istam
1938 2323 2204 2409 lapidis,
2237 2329 2315 2388 ut
2361 2325 2451 2388 sit
2483 2327 2850 2389 remedium

527 2431 825 2496 salutare
856 2430 1089 2518 generi
1119 2432 1432 2504 human0,
1466 2431 1535 2490 et
1582 2434 1828 2514 praesta
1874 2448 1995 2513 per
2024 2428 2513 2493 invocationem
2561 2432 2853 2495 nominis

519 2536 640 2613 tui,
690 2541 765 2600 ut
805 2536 1179 2620 quicunque
1222 2532 1306 2597 ad
1356 2533 1530 2595 hanc
1577 2531 1929 2596 ecclesiam
1976 2532 2429 2597 aedificandam
2475 2540 2545 2598 et
2585 2535 2844 2620 perfici-

521 2640 762 2706 endam
815 2660 988 2725 pura
1039 2642 1265 2703 mente
1314 2635 1639 2700 auxilium
1691 2636 1972 2712 dederit,
2021 2637 2324 2722 corporis
2372 2638 2733 2702 sanitatem
2781 2645 2853 2705 et

516 2744 751 2808 animae
782 2742 1110 2806 medelam
1143 2740 1495 2824 percipiat.
1589 2739 1741 2802 Per.

614 2844 776 2903 Tune
815 2844 1102 2921 episcopus
1140 2850 1421 2920 perunqat
1459 2842 1651 2920 ipsum
1701 2841 1952 2918 lapidem
1994 2862 2122 2900 cum
2157 2842 2365 2920 pollice
2405 2864 2505 2901 suo
2552 2844 2619 2901 in
2659 2845 2848 2902 medio

522 2939 891 3017 quadraturae
911 2958 1018 3014 per
1044 2938 1273 2995 modum
1304 2937 1485 2995 crucis
1514 2957 1643 2994 cum
1673 2937 1992 3008 chrismate,
2020 2937 2103 2994 sic
2131 2937 2387 2996 dicendo.

608 3035 1021 3100 Consecrare
1076 3037 1146 3096 et
1201 3032 1646 3108 sanctificare,
1701 3030 1985 3096 Domine
2038 3031 2247 3107 Deus,
2295 3033 2586 3117 lapidem
2643 3034 2851 3097 istum

520 3137 823 3224 digneris
854 3156 976 3221 per
1003 3137 1203 3201 istam
1254 3141 1554 3201 sanctam
1589 3136 1979 3201 chrismatis
2025 3136 2408 3200 unctionem
2443 3144 2512 3202 et
2545 3144 2851 3201 nostram

522 3241 1074 3316 benedictionem,
1107 3240 1174 3302 in
1207 3240 1461 3303 honore
1497 3239 1714 3304 sancti
1747 3239 1835 3304 N.
1927 3240 2006 3303 In
2039 3239 2306 3304 nomine
2332 3241 2559 3305 Patris
2590 3247 2662 3305 et
2691 3241 2852 3306 Filii

523 3353 594 3411 et
626 3345 916 3431 Spiritus
951 3344 1204 3409 Sanc-ti.
1293 3344 1529 3406 Amen.

609 3452 661 3516 f
664 3473 751 3516 ax
783 3450 928 3514 tibi.

606 3556 695 3618 R.
785 3553 877 3617 Et
908 3573 1052 3615 cum
1081 3550 1328 3636 spiritu
1359 3554 1494 3613 tuo,

603 3658 697 3716 Ex
725 3665 855 3714 tunc
883 3655 1041 3712 dicat
1067 3653 1355 3730 episcopus
1383 3653 1532 3710 hanc
1558 3654 1894 3713 orationem.

608 3754 701 3816 Te
748 3751 963 3815 Deum
1014 3749 1282 3812 Patrem
1332 3748 1854 3833 omnipotentem
1903 3748 2300 3833 suppliciter
2345 3770 2721 3830 exoramus,
2765 3761 2844 3819 ut

519 3854 934 3929 benedicere,
1013 3851 1514 3937 sanctifflficare
1593 3855 1663 3914 et
1736 3856 2212 3935 consecfflrare
2287 3852 2591 3937 digneris
2664 3858 2842 3923 hunc

517 3958 807 4042 lapidem
831 3956 898 4020 in
922 3956 1175 4018 honore
1197 3953 1411 4016 sancti
1434 3953 1520 4016 N.
1547 3958 1619 4018 et
1645 3954 1862 4017 sancti
1891 3952 2286 4030 Salvatoris,
2310 3957 2424 4038 qui
2448 3959 2840 4042 prophetice

518 4061 910 4146 angularem
945 4078 1016 4120 se
1048 4056 1266 4121 voluit
1300 4056 1523 4119 vocari
1572 4055 1888 4139 lapidem,
1918 4054 1961 4119 J
1965 4076 2124 4119 esus
2172 4056 2488 4122 Christus
2521 4059 2850 4129 Dominus

519 4170 768 4238 noster,
801 4161 925 4245 Qui
970 4181 1117 4225 cum
1150 4159 1293 4224 Deo
1342 4160 1543 4224 Patre
1579 4166 1649 4223 et
1697 4159 1957 4242 Spiritu
1992 4158 2238 4223 Sancto
2284 4160 2453 4225 vivit
2484 4168 2553 4227 et
2596 4173 2843 4252 regnat

517 4269 724 4344 Deus,
757 4268 887 4330 Per
916 4266 1140 4331 omnia
1173 4264 1413 4329 saecula
1446 4265 1855 4330 saeculorum.
1949 4265 2183 4330 Amen.
