3117 5025
1096 422 1181 485 In
1222 421 1429 486 Coena
1460 418 1765 484 Domini.
2454 414 2594 479 -205

280 631 508 716 dignis
554 634 623 694 et
666 631 919 712 absque
965 627 1207 691 merito
1261 631 1569 691 sanctum
1614 646 1854 690 nomen
1900 624 2089 690 illius
2130 624 2604 689 invocantibus

282 757 478 818 opem
511 734 800 799 coelestis
830 731 1297 797 misericordiae
1344 731 1664 816 dignetur
1708 729 2031 807 conferre,
2064 750 2143 794 ac
2188 729 2607 814 septiformis

285 838 579 921 Spiritus
637 836 866 901 Sancti
919 856 1195 900 munere
1250 835 1453 901 corda
1514 839 1751 900 nostra
1811 833 2208 918 purificare3
2270 838 2604 917 quatenus

287 941 585 1004 omnium
632 939 947 1004 vitiorum
1002 937 1195 1003 sorde
1249 938 1615 1015 emundati,
1659 937 1743 1002 ad
1786 937 2266 1002 conficiendum
2312 937 2607 1002 chrisma

288 1041 588 1106 salutare
608 1041 970 1106 efficiamur
987 1040 1228 1106 idonei.
1319 1041 1687 1105 Subveniat
1704 1039 1898 1105 nobis
1920 1039 1990 1103 in
2013 1041 2138 1105 hac
2158 1039 2607 1104 celebratione

292 1145 772 1229 omnipotentis
817 1144 943 1207 Dei
989 1145 1233 1230 gratia,
1266 1150 1338 1209 et
1381 1145 1560 1227 quod
1603 1150 1836 1208 nostro
1881 1165 2057 1208 nunc
2100 1143 2463 1229 gerendum
2510 1149 2617 1207 est

294 1249 635 1332 obsequie,
668 1248 1094 1313 sanctissima
1137 1246 1350 1332 ipsius
1396 1248 1782 1334 perficiatur
1825 1247 2386 1329 beneffidicffione,
2416 1254 2619 1331 atque

292 1372 413 1435 per
441 1351 736 1416 divinam
764 1351 1058 1437 Spiritus
1087 1350 1317 1416 Sancti
1348 1351 1942 1436 co-operationem,
1965 1352 2092 1415 hoc
2124 1372 2166 1416 a
2193 1351 2338 1415 Deo
2372 1352 2619 1415 sancti-

294 1457 568 1522 ficatum
610 1464 974 1521 renovetur
1019 1456 1240 1521 oleum
1286 1457 1480 1522 vitali
1531 1458 1875 1522 stillicidio
1923 1458 2432 1524 aromatizantis
2477 1458 2620 1523 bal-

299 1560 490 1636 sami,
515 1560 763 1643 fiatque
789 1560 1081 1625 chrisma
1104 1560 1525 1626 benedictum
1556 1561 1641 1625 ad
1665 1561 2150 1625 confirmandos
2180 1560 2621 1626 ecclesiastici

299 1662 550 1747 gradus
581 1662 893 1738 honores,
920 1662 1003 1726 ad
1038 1663 1523 1746 promovendas
1545 1663 1936 1749 dignitates,
1962 1662 2046 1729 ad
2079 1664 2625 1729 sanctificandum

299 1764 734 1850 baptismatis
765 1763 1131 1841 lavacrum,
1165 1765 1249 1829 ad
1295 1765 1790 1851 consignandas
1820 1787 2084 1850 quoque
2128 1752 2315 1831 no⁰vae
2347 1789 2626 1853 regene-

300 1867 589 1931 rationis
622 1866 848 1951 proles
895 1867 1212 1953 stigmate
1260 1874 1505 1933 sanctae
1549 1870 1765 1934 crucis
1785 1892 1802 1946 ;
1851 1870 1947 1933 sit
1989 1870 2190 1935 etiam
2223 1870 2514 1936 chrisma
2558 1879 2628 1936 et

298 1971 692 2056 propitiatio
732 1970 973 2035 salutis
1017 1974 1275 2034 aeternae
1318 1973 1626 2036 omnibus
1668 1993 1750 2035 ex
1793 1992 1875 2036 ea
1915 1973 2246 2058 ungendis
2288 1972 2357 2036 in
2391 1994 2625 2058 perpe·

305 2082 491 2138 tuam
524 2073 896 2138 animarum
946 2072 1409 2150 salvationem,
1443 2080 1782 2139 annuente
1828 2079 1901 2138 et
1928 2074 2298 2139 auxiliante
2330 2075 2631 2161 ejusdem

306 2177 658 2262 unigenito
703 2176 987 2241 Domino
1033 2181 1264 2241 nostro
1309 2177 1477 2241 Jesu
1523 2177 1819 2254 Christo,
1864 2184 1937 2243 et
1979 2179 2324 2242 amborum
2374 2178 2629 2263 Spiritu

309 2281 579 2358 Sancto,
604 2280 719 2364 qui
748 2279 820 2342 in
851 2279 1183 2344 Trinitate
1209 2285 1448 2346 sancta
1477 2301 1652 2344 unus
1675 2286 1747 2345 et
1773 2301 1976 2349 verus
1998 2280 2168 2346 vivit
2195 2285 2267 2345 et
2293 2279 2630 2366 gloriatur

310 2383 516 2460 Deus,
546 2403 671 2468 per
700 2382 926 2447 omnia
956 2381 1197 2446 saecula
1230 2382 1640 2448 saeculorum.
1730 2385 1968 2447 Amen.

401 2486 704 2554 Oremus.

397 2589 679 2654 Domine
712 2589 898 2653 Deus
931 2588 1247 2665 Sabaoth,
1278 2589 1503 2655 vivida
1548 2611 1702 2676 spes
1732 2589 2142 2667 mortalium,
2173 2588 2357 2655 salus
2389 2596 2458 2656 et
2489 2592 2630 2657 vita

308 2692 601 2757 omnium
649 2691 756 2776 pie
799 2690 1188 2766 viventium,
1221 2692 1354 2775 qui,
1386 2714 1506 2777 per
1547 2694 1898 2779 mysticam
1942 2692 2451 2779 glorificationis
2494 2699 2625 2759 tuae

309 2794 598 2871 laudem,
623 2793 938 2858 catholici
969 2794 1220 2858 ordinis
1254 2799 1507 2858 statum
1531 2800 1602 2860 et
1629 2795 1829 2881 regiae
1859 2796 2211 2881 dignitatis
2243 2816 2632 2862 consecrare

309 2896 702 2982 disposuisti
746 2895 893 2960 oleo
924 2896 1401 2961 exsultationis
1445 2903 1516 2963 et
1558 2898 1916 2963 chrismate
1964 2898 2247 2964 salutis:
2291 2903 2361 2964 te
2407 2899 2634 2963 cernui

312 3001 767 3085 deprecamur,
799 2998 1338 3078 clementissime,
1369 3005 1448 3064 nt
1491 3001 1727 3067 divinae
1773 3001 2101 3068 claritatis
2130 3009 2260 3068 tuae
2291 3002 2634 3067 dulcedine

318 3122 558 3167 sensus
603 3105 673 3166 et
716 3101 1160 3167 conscientias
1210 3107 1482 3168 nostras
1523 3103 1848 3182 illustres,
1880 3111 1952 3170 et
1993 3125 2116 3168 nos
2159 3104 2227 3168 in
2276 3104 2383 3169 his
2431 3105 2640 3169 sacris

317 3203 719 3271 caerimoniis
748 3203 1117 3269 coelestium
1147 3205 1686 3270 benedictionum
1717 3207 2157 3291 amplitudine
2186 3208 2639 3293 prosequaris,

321 3308 405 3373 ad
461 3305 869 3372 conficienda
919 3307 1292 3371 animarum
1345 3313 1728 3374 nostrarum
1780 3309 2265 3374 medicamenta
2314 3310 2382 3373 in
2437 3311 2638 3394 hujus

321 3409 684 3475 salutiferae
730 3409 1061 3473 unctionis
1109 3409 1654 3475 sanctificatione.
1749 3409 1872 3487 Tu,
1902 3410 2205 3488 Domine,
2237 3412 2389 3476 usui
2429 3412 2640 3475 homi-

319 3534 479 3577 num
503 3517 744 3577 cuncta
765 3515 960 3576 terrae
984 3513 1334 3577 nascentia
1363 3513 1735 3598 providisti,
1766 3514 1883 3578 sed
1911 3514 2279 3599 praesertim
2311 3513 2637 3578 olivarum

329 3618 620 3680 fructum
668 3615 738 3678 in
787 3614 1138 3699 utriusque
1199 3615 1489 3680 hominis
1552 3616 1994 3682 salvationem
2055 3615 2433 3691 decrevisti,
2488 3616 2644 3680 dum

329 3717 701 3784 consecrati
732 3716 862 3781 olei
895 3717 1209 3782 unctione
1241 3738 1365 3782 nos
1412 3740 1453 3783 a
1483 3719 1774 3804 peccatis
1807 3718 2064 3803 expiari
2097 3738 2216 3803 per
2246 3719 2640 3802 prophetam

328 3819 719 3907 promisisti,
753 3818 1041 3903 dumque
1089 3819 1530 3885 ecclesiastici
1560 3822 1813 3908 gradus
1859 3822 2180 3885 honorem
2227 3828 2295 3886 et
2327 3820 2647 3897 ordinem,

332 3921 719 3989 chrismatis
772 3921 941 3999 oleo,
994 3942 1293 3987 summus
1346 3924 1415 3987 in
1471 3929 1788 3988 aeternum
1843 3924 2148 4008 pontifex
2203 3925 2649 4001 consecrasti3

338 4025 595 4100 adesto,
628 4044 1028 4107 quaesumus,
1058 4024 1367 4114 Domine,
1397 4026 1757 4091 invisibilis
1790 4032 1917 4091 tuae
1963 4026 2243 4091 visionis
2274 4026 2651 4110 praesentia,

337 4151 416 4194 ac
447 4126 643 4191 nobis
674 4133 742 4191 te
793 4126 1267 4192 confitentibus
1299 4128 1367 4191 in
1416 4150 1549 4193 una
1579 4129 1784 4193 trium
1827 4149 2260 4214 personarum
2291 4134 2538 4192 natura
2581 4139 2652 4191 et

340 4229 740 4307 substantia,
779 4228 1099 4315 Spiritum
1148 4230 1467 4295 Sanctum
1514 4238 1703 4297 tuum
1750 4233 1832 4297 de
1877 4232 2018 4296 alto
2063 4230 2375 4296 coelorum
2421 4229 2650 4295 emitte

335 4334 636 4419 fastigio,
667 4334 783 4417 qui
828 4338 1071 4398 nostrae
1114 4336 1524 4420 operationis
1569 4336 1940 4400 ministerio
1986 4335 2306 4399 melliflua
2345 4333 2654 4398 vitalium
