3117 5025
517 354 646 418 108
1043 355 1483 421 consecratio
1514 355 1770 422 altaris
1800 358 1945 420 eine
1975 355 2317 420 Ecclesia.

609 562 1012 627 Benedictio
1041 563 1191 626 vini

524 685 679 730 cum
706 665 1032 730 Dominus
1060 667 1425 732 vobiscum.
1515 666 1819 732 Oremus.

612 768 878 833 oratic.
966 768 1250 834 Domine
1301 769 1468 834 Jesu
1518 767 1809 846 Christe,
1861 768 1976 854 qui
2028 789 2103 835 es
2154 768 2317 834 vitis
2367 790 2549 846 vera,
2601 769 2846 854 quique

518 869 590 933 in
652 868 836 935 Cana
895 870 1181 937 Galilaeae
1240 871 1465 936 vinum
1527 894 1612 936 ex
1665 893 1841 956 aqua
1892 873 2152 948 fecisti3
2215 872 2589 956 multiplica
2647 893 2848 958 super

520 992 753 1037 servos
780 979 936 1037 tuos
957 974 1477 1039 misericordiam
1501 979 1709 1051 tuam,
1734 978 1805 1039 et
1832 974 2178 1048 beneffldic
2196 980 2398 1059 atque
2432 973 2853 1053 sancti-blica

519 1074 694 1138 hanc
755 1080 1131 1141 creaturam
1198 1076 1357 1152 vini,
1416 1081 1495 1141 ut
1554 1096 1759 1161 super
1816 1077 1988 1160 quod
2049 1097 2133 1140 ex
2200 1098 2282 1141 ea
2339 1076 2564 1140 fusum
2620 1076 2851 1152 fuerit,

519 1176 758 1240 divinae
804 1177 1291 1242 benedictionis
1320 1182 1452 1242 tuae
1482 1178 1831 1243 dulcedine
1860 1178 2224 1262 repleatur,
2259 1178 2569 1243 Salvator
2595 1178 2847 1254 mundi,

520 1278 636 1362 qui
667 1300 815 1343 cum
860 1278 1004 1344 Deo
1034 1280 1237 1345 Patre
1269 1286 1341 1346 et
1371 1280 1626 1363 Spiritu
1659 1279 1905 1345 Sancto
1936 1280 2109 1345 vivis
2139 1285 2209 1345 et
2238 1301 2485 1366 regnas
2513 1279 2700 1345 Deus
2729 1302 2851 1366 per

520 1382 751 1447 omnia
783 1381 1024 1446 saecula
1055 1381 1470 1448 saeculorum.
1559 1382 1796 1446 Amen.

599 1482 826 1542 Deinde
849 1491 1024 1560 ponat
1050 1483 1252 1542 vinum
1277 1483 1344 1541 in
1371 1503 1583 1559 aquam
1608 1483 1821 1552 dicem.

627 1577 789 1644 Fiat
822 1577 1224 1645 commixtio
1291 1599 1476 1662 aquae
1535 1584 1608 1644 et
1664 1578 1804 1643 vini
1872 1578 1956 1642 ad
2015 1580 2586 1645 consecrationem
2644 1581 2848 1666 hujus

517 1680 778 1746 altaris.
870 1682 952 1746 In
984 1681 1251 1746 nomine
1296 1682 1604 1769 Pauxatris
1635 1686 1707 1748 et
1748 1678 1981 1753 Fiffllii
2025 1686 2100 1748 et
2145 1682 2437 1769 Spiritus
2466 1692 2546 1773 »χε
2592 1684 2842 1751 Sancti.

518 1785 755 1848 Amen.

604 1886 945 1968 Proefatio

518 1988 667 2052 eine
700 1987 1004 2063 Oremus,
1035 1986 1365 2053 absolute.

605 2089 823 2154 Deum
880 2090 1149 2154 Patrem
1210 2089 1751 2174 omnipotentem,
1810 2089 2060 2154 fratres
2119 2090 2473 2168 carissimi,
2523 2091 2591 2155 in
2653 2092 2846 2176 cujus

516 2193 711 2258 domo
740 2192 1120 2257 mansiones
1148 2192 1372 2268 multae
1403 2197 1580 2269 sunt,
1611 2193 2060 2277 deprecemur,
2089 2198 2169 2259 ut
2196 2194 2411 2259 altare
2439 2196 2567 2259 hoc
2595 2194 2847 2275 bene>1⁴

517 2297 736 2360 dicere
768 2301 838 2361 et
877 2295 1212 2360 custodire
1244 2295 1580 2380 dignetur,
1610 2316 1732 2380 per
1761 2296 2214 2379 aspersionem
2241 2318 2428 2380 aquae
2457 2298 2662 2382 hujus
2693 2320 2841 2363 cum

522 2399 678 2463 vino
737 2399 982 2476 mixtae,
1042 2402 1121 2463 ut
1178 2399 1494 2463 tenebras
1553 2399 1641 2462 ab
1700 2419 1779 2462 eo
1844 2398 2137 2483 repellat
2195 2404 2266 2464 et
2322 2398 2549 2464 lumen
2608 2401 2843 2486 gratiae

517 2501 847 2578 infundat,
871 2500 1254 2584 nullamque
1287 2499 1598 2565 saeviendi
1628 2500 1696 2563 in
1726 2500 1894 2565 illud
1925 2501 2312 2566 adversario
2342 2502 2599 2568 tribuat
2619 2508 2843 2588 potes-

522 2609 757 2681 tatem,
789 2604 906 2669 sed
948 2603 1293 2687 proprium
1322 2602 1413 2666 sit
1444 2602 1661 2689 altare
1702 2601 1852 2678 Dei,
1883 2608 1955 2668 et
1995 2603 2251 2669 nullam
2295 2604 2365 2669 in
2412 2626 2491 2668 eo
2535 2606 2844 2670 inimicus

523 2706 774 2773 habeat
830 2704 1171 2771 licentiam
1227 2704 1527 2768 nocendi.
1626 2705 1757 2769 Per
1822 2704 2182 2769 Dominum
2241 2710 2547 2771 nostrum
2607 2706 2651 2771 J
2654 2729 2841 2772 esum

521 2806 865 2872 Christum
908 2806 1158 2871 Filium
1187 2810 1399 2881 tuum,
1431 2805 1545 2888 qui
1577 2826 1727 2870 cum
1757 2827 1838 2870 eo
1884 2812 1954 2872 et
1986 2806 2240 2893 Spiritu
2277 2808 2524 2875 Sancto
2569 2810 2740 2875 vivit
2769 2815 2841 2875 et

519 2913 764 2993 regnat
791 2909 861 2971 in
895 2908 1136 2972 saecula
1166 2907 1575 2971 saeculorum.
1665 2909 1902 2972 Amen.

608 3012 1012 3078 Benedictio
1041 3031 1242 3093 aquae
1270 3031 1420 3075 cum
1447 3013 1611 3075 vino
1641 3013 1893 3076 mioetae.

608 3112 935 3179 Dominus
964 3113 1328 3178 vobiscum.
1420 3113 1723 3178 Oremus.

609 3216 1046 3302 Omnipotens
1099 3217 1500 3301 sempiterne
1554 3216 1760 3293 Deus,
1802 3220 2067 3282 creator
2117 3221 2188 3283 et
2238 3222 2671 3284 conservator
2719 3220 2842 3284 hu-

517 3322 698 3387 mani
727 3321 1013 3406 generis,
1045 3325 1116 3385 et
1141 3321 1337 3384 dator
1363 3320 1597 3405 gratiae
1629 3320 2022 3404 spiritualis,
2046 3325 2245 3405 atque
2274 3322 2557 3407 largitor
2584 3328 2845 3389 aeternae

521 3425 785 3501 salutis,
814 3424 1007 3488 mitte
1055 3423 1376 3507 Spiritum
1421 3429 1611 3489 tuum
1660 3423 1977 3487 Sanctum
2026 3444 2230 3509 super
2268 3425 2393 3490 hoc
2437 3426 2661 3490 vinum
2693 3449 2844 3491 cum

522 3552 699 3614 aqua
747 3530 1052 3606 mixtum,
1105 3533 1184 3593 ut
1235 3532 1571 3593 armatum
1632 3528 1920 3593 coelestis
1974 3530 2359 3594 defensione
2412 3531 2707 3608 virtutiS,
2761 3533 2845 3597 ad

517 3632 1002 3697 dedicationem
1030 3631 1232 3713 hujus
1274 3631 1511 3696 alt-aris
1540 3631 1866 3716 proficiat.
1954 3633 2085 3697 Per
2112 3632 2473 3698 Dominum
2518 3639 2847 3700 nostrum.

522 3737 604 3801 In
635 3735 896 3799 unitate
929 3733 1245 3818 ejusdem.

604 3837 766 3896 Twnc
811 3834 1171 3911 inqrediatur
1214 3835 1499 3913 epiecopus
1551 3837 1632 3895 ad
1678 3837 1861 3896 altae-e
1883 3859 1910 3910 ς
1945 3844 1997 3896 et
2025 3838 2291 3915 primum
2331 3859 2460 3897 cum
2493 3838 2703 3917 pollice
2743 3861 2846 3899 suo

521 3936 735 3997 crisma
760 3934 827 3992 in
853 3952 1064 4010 aquam
1089 3933 1375 3991 modicam
1399 3941 1685 4012 sumptam
1711 3935 1779 3994 in
1795 3935 2016 4014 pelvim
2034 3956 2285 4013 parvam
2310 3937 2505 3996 mittat
2531 3938 2598 3996 in
2623 3938 2859 3997 modum

523 4029 724 4103 crucis,
756 4028 838 4086 sic
864 4027 1119 4088 dicendo·

616 4120 1155 4194 Sanctiffificetur
1198 4141 1374 4206 aqua
1403 4120 1540 4187 ista
1583 4121 1713 4188 hoc
1761 4123 2111 4191 salutifero
2154 4127 2469 4194 crismate
2515 4132 2585 4193 et
2630 4134 2873 4199 nostra

523 4228 1071 4310 bene—Fdictione
1117 4227 1203 4292 ad
1249 4228 1819 4293 consecrationem
1866 4230 2069 4313 hujus
2115 4230 2378 4297 altaris.
2467 4231 2549 4297 In
2596 4234 2869 4298 nomine

383 4357 391 4367 ³
520 4333 824 4415 Paffltris
856 4336 927 4397 et
954 4330 1191 4410 Fiffllii
1223 4335 1293 4397 et
1325 4331 1615 4416 Spiritus
1643 4328 1724 4408 ’Β
1758 4333 2006 4399 Sancti.
2097 4334 2335 4411 Amen.
