3117 5025
504 448 627 514 184
1142 454 1665 519 Benedictionee
1697 451 2170 536 Episcopalea.

584 654 918 715 Benedictio
936 678 1048 735 pro
1076 659 1334 717 mortuis.

596 872 1095 940 Benedictionis
1128 894 1261 940 suae
1292 894 1498 960 super
1526 893 1647 940 vos
1676 873 2140 961 gratissimum
2180 871 2493 937 infundat
2521 869 2826 944 imbrem,

507 980 1022 1063 vestrarumque
1068 997 1343 1061 precum
1386 975 1815 1043 devotionem
1868 980 1938 1041 et
1981 978 2410 1063 peccatorum
2459 972 2828 1039 clementer

511 1078 836 1165 suscipiat
863 1079 1376 1144 confessionem.
1464 1081 1705 1145 Amen.

600 1180 944 1266 Quatenus
972 1182 1524 1248 miserationibus
1561 1182 1780 1269 ipsius
1823 1182 2307 1271 promerentes,
2339 1175 2829 1244 absolutionem

513 1284 748 1349 animae
794 1283 1031 1349 famuli
1080 1285 1206 1362 sui,
1239 1306 1363 1371 pro
1408 1285 1606 1371 cujus
1651 1284 2041 1350 excessibus
2077 1283 2457 1348 orationum
2505 1285 2577 1344 et
2617 1277 2830 1342 hosti-

511 1406 702 1450 arum
733 1386 1123 1472 impenditis
1145 1389 1490 1473 juvamen,
1519 1392 1783 1453 aeternae
1811 1386 2166 1453 felicitatis
2211 1383 2591 1472 impetretis
2619 1380 2827 1466 porti-

515 1510 731 1554 onem.
820 1491 1057 1555 Amen.

601 1592 704 1658 Ut
733 1614 882 1657 cum
928 1593 1074 1658 dies
1105 1595 1392 1660 extremi
1424 1593 1757 1660 examinis
1801 1592 2094 1659 terribili
2124 1592 2394 1658 turbine
2438 1588 2834 1653 universum

515 1696 933 1762 concusserit
973 1698 1224 1773 orbem,
1266 1698 1485 1784 ipsum
1522 1718 1645 1782 pro
1694 1719 1824 1782 quo
1871 1718 2047 1761 nunc
2094 1694 2336 1761 devote
2382 1691 2828 1767 intervenitis,

515 1797 806 1865 coelestis
835 1797 1122 1887 [gloriae]
1153 1800 1448 1865 cernatis
1487 1800 1910 1885 participem,
1942 1802 2015 1864 et
2044 1819 2191 1863 cum
2238 1797 2546 1862 omnibus
2577 1795 2833 1861 sanctis

515 1901 731 1967 Deum
780 1901 1091 1967 videntes
1142 1902 1315 1967 facie
1364 1901 1450 1968 ad
1497 1903 1759 1979 faciem,
1802 1901 2206 1986 promissam
2253 1897 2829 1966 immarcescibilis

518 2000 749 2085 glorioe
777 2001 1069 2069 feliciter
1097 2004 1493 2092 percipiatis
1522 2005 2007 2071 haereditatem.
2098 2006 2335 2070 Amen.

603 2104 793 2190 Quod
824 2105 991 2193 ipse.

596 2327 678 2389 In
702 2328 798 2388 die
827 2327 1082 2389 Paschoe.
1172 2329 1523 2391 Benedictio.

609 2545 974 2613 Benedicat
1035 2567 1154 2612 vos
1214 2548 1642 2634 omnipotens
1703 2549 1910 2628 Deus,
1963 2550 2289 2618 hodierna
2343 2546 2835 2613 interveniente

522 2651 826 2734 paschali
847 2650 1319 2730 sollemnitate,
1340 2657 1411 2718 et
1440 2654 1527 2718 ab
1559 2654 1737 2718 omni
1763 2654 2122 2720 miseratus
2140 2653 2453 2740 dignetur
2477 2648 2837 2714 defendere

520 2752 878 2838 pravitate.
966 2754 1205 2816 Amen.

606 2856 699 2920 Et
728 2855 842 2941 qui
874 2855 957 2921 ad
989 2861 1305 2921 aeternam
1336 2857 1543 2923 vitam
1578 2858 1647 2924 in
1670 2860 2023 2946 Unigeniti
2056 2860 2157 2926 sui
2188 2858 2681 2924 resurrectione
2711 2874 2834 2918 vos

521 2967 817 3048 reparat,
849 2962 919 3026 in
950 2961 1164 3047 ipsius
1207 2963 1497 3029 adventu
1536 2965 2070 3033 immortalitatis
2099 2987 2223 3031 vos
2265 2965 2533 3051 gaudiis
2562 2960 2835 3027 vestiat..

521 3067 760 3131 Amen.

606 3166 707 3232 Ut
736 3167 870 3250 qui,
904 3165 1199 3252 expletis
1225 3165 1636 3252 jejuniorum
1670 3192 1803 3236 suae
1833 3172 2171 3258 passionis
2201 3169 2541 3236 dominicae
2570 3166 2833 3242 diebus,

513 3269 854 3356 paschalis
897 3270 1057 3335 festi
1108 3270 1356 3356 gaudia
1402 3270 1782 3351 celebratis,
1826 3275 1911 3340 ad
1960 3296 2042 3340 ea
2070 3275 2265 3339 ‘festa
2309 3295 2452 3357 quae
2495 3292 2629 3336 non
2672 3273 2840 3333 sunt

520 3396 744 3439 annua
805 3373 922 3438 sed
982 3375 1317 3452 continua,
1370 3374 1519 3462 ipso
1572 3376 1972 3463 opitulante,
2028 3376 2528 3443 exsultantibus
2587 3373 2839 3438 animis

522 3476 830 3543 veniatis.
920 3476 1159 3540 Amen.

608 3579 795 3665 Quod
825 3578 991 3664 ipse.
1081 3580 1318 3644 Amen.

601 3803 681 3862 In
707 3802 802 3860 die
828 3802 1211 3861 Ascensionis.
1296 3802 1651 3864 Benedictio,

608 4015 971 4083 Benedicat
1017 4037 1137 4080 vos
1186 4018 1610 4103 omnipotens
1653 4019 1858 4099 Deus,
1902 4023 2096 4107 cujus
2139 4021 2466 4088 hodierna
2513 4023 2620 4088 die
2666 4022 2842 4089 Uni-

524 4121 797 4209 genitus
828 4119 1142 4184 coelorum
1183 4120 1326 4185 alta
1364 4125 1766 4207 penetravit,
1800 4130 1869 4190 et
1912 4125 2122 4203 vobis,
2154 4126 2266 4191 ubi
2298 4125 2412 4190 ille
2447 4133 2572 4203 est,
2606 4146 2850 4191 ascen-

525 4224 722 4289 dendi
756 4223 1009 4289 aditum
1044 4222 1382 4308 patefecit.
1475 4227 1710 4290 Amen.

617 4326 955 4393 Concedat
1015 4327 1346 4410 propitius
1415 4336 1510 4405 ut,
1577 4331 1750 4394 sicut
1808 4337 1962 4415 post
2023 4332 2582 4397 resurrectionem
2646 4355 2851 4400 suam
