3117 5025
508 344 637 412 306
1267 349 1785 413 Benedictiones
1831 347 2080 410 Variae.

1626 636 1712 700 V.

1102 820 1661 887 BENEDICTIO
1707 819 2242 886 THURIBULI.

598 1024 804 1102 Deus,
828 1025 912 1091 ad
943 1027 1135 1112 cujus
1160 1027 1543 1113 sepulcrum
1574 1049 1724 1093 cum
1755 1027 2191 1102 aromatibus,
2218 1026 2286 1088 in
2318 1025 2537 1110 specie
2570 1030 2832 1089 sancta-

513 1149 659 1191 rum
681 1128 1054 1200 animarum
1076 1131 1362 1196 virtutes
1384 1137 1767 1197 sanctorum
1790 1149 2065 1213 operum
2084 1128 2519 1214 gestantium,
2540 1126 2835 1190 diluculo

518 1230 834 1296 mulieres
879 1232 1143 1298 venisse
1186 1239 1665 1311 memorantur,
1698 1239 1766 1298 et
1808 1232 1878 1296 in
1922 1234 2115 1316 cujus
2162 1237 2523 1315 conspectu
2554 1228 2843 1315 angelus

518 1353 796 1397 aureum
827 1335 1082 1410 habens
1113 1336 1530 1402 thuribulum
1566 1335 1858 1412 stetisse,
1893 1342 1964 1400 et
1993 1335 2173 1400 datis
2203 1334 2494 1397 incensis
2523 1334 2604 1396 de
2636 1334 2843 1397 orati-

521 1435 760 1500 onibus
806 1442 1189 1502 sanctorum
1236 1440 1530 1503 omnium
1577 1444 1736 1503 ante
1783 1440 2099 1503 thronum
2141 1436 2411 1502 Domini
2463 1434 2837 1500 adolevisse

520 1536 773 1602 coelesti
797 1538 1052 1603 visione
1076 1540 1464 1626 divulgatur
1484 1563 1500 1618 3
1548 1540 1783 1605 adesto
1810 1540 2159 1625 propitius,
2185 1545 2256 1602 et
2277 1540 2402 1601 hoc
2426 1537 2840 1601 thuribulum

523 1639 775 1704 coelesti
803 1641 1260 1707 benedictione
1294 1641 1634 1728 perfunde,
1660 1648 1737 1706 ut
1766 1642 2140 1726 quicunque
2162 1662 2242 1704 ex
2275 1661 2354 1704 eo
2386 1640 2843 1724 thymiamatis

522 1740 629 1804 vel
674 1740 895 1806 thuris
939 1742 1379 1829 fragrantiam
1436 1744 1793 1820 senserint,
1839 1749 1961 1808 tua
2005 1744 2297 1807 donante
2344 1742 2671 1806 immensa
2714 1742 2847 1806 cle-

521 1844 792 1921 mentia,
844 1845 1084 1910 odores
1144 1846 1523 1912 orationum
1578 1854 1736 1912 ante
1791 1851 2220 1930 conspectum
2272 1845 2654 1928 majestatis
2707 1850 2839 1910 tuae

519 1954 896 2012 sanctarum
943 1970 1064 2034 per
1109 1971 1347 2014 manus
1392 1955 1778 2014 sanctorum
1825 1950 2138 2013 emittant
2183 1947 2575 2033 angelorum
2629 1954 2833 2032 atque

524 2050 928 2134 persolvant,
975 2072 1095 2137 per
1146 2057 1238 2129 te,
1285 2051 1448 2118 Jesu
1502 2053 1793 2129 Christe,
1839 2052 1952 2136 qui
2007 2073 2156 2116 cum
2211 2051 2412 2115 Patre
2466 2057 2537 2114 et
2584 2047 2839 2136 Spiritu

531 2152 794 2217 Sancto.

1598 2325 1749 2391 ·V1.

538 2494 1102 2563 BENEDIOTIO
1146 2496 1272 2565 AD
1319 2494 1884 2565 GENERALEM
1932 2495 2317 2564 CULTUM
2362 2494 2843 2565 ECOLESIAE.

612 2669 816 2748 Deus,
862 2671 978 2755 qui
1023 2670 1291 2737 diversa
1334 2668 1420 2736 ad
1464 2669 1970 2736 tabernaculum
2017 2672 2288 2735 foederis
2336 2677 2732 2736 ornamenta
2775 2672 2843 2735 in

526 2773 963 2843 sacerdotalis
994 2775 1278 2839 officium
1308 2774 1670 2839 ministerii
1702 2795 1817 2838 ore
1865 2774 2138 2859 proprio
2169 2774 2315 2838 fieri
2346 2775 2742 2859 praecepisti,
2775 2782 2842 2839 te

521 2876 757 2940 humili
790 2898 981 2961 prece
1014 2878 1458 2962 deposcimus,
1489 2882 1568 2942 ut
1611 2879 1748 2940 haec
1793 2878 2200 2941 vestimenta
2243 2882 2314 2941 et
2357 2877 2496 2941 haec
2540 2898 2724 2953 vasa,
2757 2878 2843 2941 ad

532 2985 838 3045 ornatum
890 2985 960 3044 et
997 2980 1084 3044 ad
1123 2980 1573 3046 ministerium
1621 2983 1867 3043 sanctae
1913 2979 2210 3043 ecclesiae
2264 2985 2394 3044 tuae
2447 2986 2847 3063 praeparata,

526 3082 648 3146 illa
693 3081 1149 3147 benedictione
1189 3083 1573 3169 perfundas,
1619 3103 1753 3167 qua
1797 3082 1956 3146 olim
2003 3103 2127 3166 per
2170 3103 2409 3146 manus
2457 3088 2844 3147 sanctorum

531 3185 949 3250 sacerdotum
980 3186 1300 3251 utensilia
1327 3184 1746 3251 tabernaculi
1779 3184 1925 3248 oleo
1955 3185 2294 3248 unctionis
2325 3184 2723 3269 perfudisti;
2770 3193 2849 3250 ut

529 3287 904 3372 quicunque
938 3288 1081 3372 jam
1124 3289 1190 3352 in
1241 3296 1362 3354 tua
1405 3287 1784 3373 apostolica
1828 3286 2114 3350 ecclesia
2158 3287 2267 3350 his
2312 3287 2417 3349 usi
2463 3287 2740 3364 fuerint,
2774 3295 2844 3351 te

523 3393 889 3457 miserante
920 3392 1183 3457 veniam
1211 3397 1635 3477 peccatorum
1669 3395 1740 3453 et
1767 3390 2015 3475 gaudia
2046 3397 2554 3474 permereantur
2580 3392 2843 3476 *percip-

530 3515 645 3559 ere
678 3495 1105 3580 sempiterna.
1196 3495 1325 3558 Per
1354 3493 1736 3559 Dominum.
