3117 5025
510 373 644 437 322
701 403 708 409 ·
1193 373 1279 435 In
1322 373 1775 437 Ordinatione
1808 372 2167 452 Episcopi.

517 782 1029 850 ORATIONES
1059 782 1175 851 ΕΤ
1221 783 1560 850 PREOES
1591 786 1697 851 IN
1732 780 2369 850 ORDINATIONE
2411 777 2835 845 EPISOOPI.

599 1007 903 1085 Oremus,
948 1006 1371 1073 dilectissimi
1414 1008 1632 1086 nobis,
1677 1014 1756 1073 ut
1798 1007 1956 1072 huic
2000 1007 2148 1070 viro
2188 1005 2295 1070 ill.
2341 1005 2427 1070 ad
2473 1002 2838 1067 utilitatem

513 1110 829 1176 Ecclesiae
874 1110 1303 1195 provehendo
1332 1112 1721 1197 benignitas
1766 1110 2248 1196 omnipotentis
2280 1108 2407 1173 Dei
2438 1107 2674 1195 gratiae
2707 1127 2842 1170 suae

514 1214 773 1279 tribuat
800 1214 1213 1301 largitatem.
1302 1215 1434 1279 Per
1462 1214 1822 1280 Dominum
1854 1218 2182 1279 nostrum.

597 1318 765 1378 Alia.

602 1413 856 1478 Adesto
902 1412 1505 1499 supplicationibus
1536 1415 1811 1490 nostris,
1845 1412 2270 1498 omnipotens
2310 1410 2517 1487 Deus,
2549 1414 2623 1476 et
2657 1409 2835 1492 quod

517 1516 922 1581 humilitatis
982 1523 1227 1580 nostrae
1296 1517 1664 1602 gerendum
1734 1523 1838 1581 est
1901 1514 2301 1591 ministerio,
2363 1518 2494 1578 tuae
2561 1511 2837 1577 virtutis

519 1618 880 1705 impleatur
910 1619 1175 1683 effectu.
1266 1619 1416 1683 Per.

598 1721 770 1778 Alia.

477 1838 482 1842 ·
600 1815 1000 1908 Propitiare,
1051 1814 1357 1893 Domine,
1404 1818 2010 1903 supplicationibus
2062 1816 2340 1892 nostris,
2387 1829 2460 1880 et
2510 1813 2834 1877 inclinato

515 1940 720 2004 super
778 1920 953 1982 hunc
1011 1918 1339 1983 famulum
1392 1926 1584 1985 tuum
1637 1921 1743 1986 ill.
1804 1942 2011 1986 cornu
2073 1919 2310 2005 gratiae
2366 1915 2831 1991 sacerdotalis,

521 2022 1003 2088 benedictionis
1034 2026 1164 2086 tuae
1196 2022 1265 2085 in
1299 2044 1377 2087 eo
1412 2025 1732 2089 virtutem
1767 2024 2054 2090 effunde.
2144 2023 2294 2087 Per.

604 2126 980 2186 OomecratiO.

606 2223 814 2286 Pater
844 2225 1096 2298 sancte,
1130 2220 1553 2305 omnipotens
1581 2222 1788 2301 Deus,
1820 2224 1931 2310 qui
1979 2245 2100 2309 per
2144 2219 2504 2286 Dominum
2533 2221 2837 2283 nostrum

520 2327 753 2391 Jesum
785 2323 1131 2388 Christum
1173 2325 1258 2388 ab
1303 2325 1502 2389 initio
1546 2332 1787 2393 cuncta
1821 2327 2152 2403 formasti,
2186 2329 2254 2388 et
2296 2320 2721 2408 postmodum
2766 2322 2837 2384 in

524 2430 654 2494 fine
714 2432 1110 2513 temporum,
1176 2428 1540 2492 secundum
1609 2430 2170 2516 pollicitationem
2233 2448 2432 2512 quam
2499 2425 2839 2490 Abraham

517 2531 907 2618 patriarcha
972 2536 1204 2595 noster
1271 2538 1642 2616 acceperat,
1712 2533 2060 2598 ecclesiam
2120 2551 2381 2617 quoque
2451 2533 2836 2593 sanctorum

522 2633 1042 2720 congregatione
1080 2633 1399 2711 fundasti,
1433 2634 1764 2700 ordinatis
1809 2637 2012 2700 rebus
2044 2656 2166 2719 per
2196 2653 2365 2719 quas
2407 2631 2674 2716 legibus
2707 2652 2748 2695 a
2776 2635 2846 2694 te

520 2738 712 2802 datis·
760 2736 1127 2821 disciplinae
1179 2737 1423 2822 religio
1483 2744 1846 2824 regeretur
1862 2764 1880 2817 ;
1942 2744 2194 2824 praesta
2254 2742 2332 2801 ut
2389 2736 2499 2800 hic
2550 2733 2847 2799 famulus

518 2846 676 2905 tuus
723 2840 813 2903 sit
859 2839 1255 2903 ministeriis
1286 2841 1675 2925 cunctisque
1706 2841 1999 2907 fideliter
2041 2842 2259 2928 gestis
2305 2840 2538 2904 officiis
2576 2839 2842 2923 dignus,

524 2948 603 3007 ut
644 2941 1020 3025 antiquitus
1064 2942 1383 3008 instituta
1426 2945 1647 3027 possit
1691 2950 2265 3010 sacramentorum
2309 2943 2634 3027 mysteria
2676 2941 2847 3005 cele-

521 3047 740 3110 brare.
831 3044 964 3107 Per
1008 3048 1077 3108 te
1122 3044 1192 3108 in
1244 3066 1574 3110 summum
1623 3048 1707 3113 ad
1754 3049 1929 3133 quod
1983 3048 2354 3113 assumitur
2401 3045 2845 3110 sacerdotium

524 3151 990 3222 consecretur3
1038 3147 1130 3211 sit
1183 3168 1383 3232 super
1435 3149 1716 3213 eundem
1768 3150 2148 3215 benedictio
2200 3155 2340 3224 tua,
2390 3148 2550 3212 licet
2605 3167 2845 3210 manus

521 3255 756 3314 nostra
809 3249 920 3313 sit.
1010 3250 1322 3337 Praecipe,
1370 3252 1675 3331 Domine,
1729 3254 1887 3318 huic
1936 3274 2213 3338 pascere
2267 3272 2428 3316 oves
2480 3256 2656 3315 tuas·
2746 3251 2844 3313 Ac

520 3355 741 3418 tribue
772 3355 851 3415 ut
881 3353 1217 3417 commissi
1262 3356 1489 3440 gregis
1535 3356 1844 3421 custodia
1873 3356 2205 3421 sollicitus
2248 3360 2484 3440 pastor
2512 3353 2841 3438 invigilet.

518 3457 808 3542 Spiritus
877 3456 1029 3519 huic
1093 3456 1379 3521 Sanctus
1444 3463 1604 3522 tuus
1665 3459 2034 3524 coelestium
2095 3458 2527 3522 carismatum
2585 3456 2840 3519 divisor

522 3559 807 3624 assistat
824 3582 842 3636 3
898 3564 978 3623 ut
1032 3559 1206 3623 sicut
1259 3559 1375 3623 ille
1427 3561 1685 3627 electus
1735 3562 2039 3647 gentium
2094 3562 2329 3625 doctor
2373 3559 2695 3635 instituit,
2751 3559 2844 3623 sit

508 3663 784 3746 justitia
871 3684 1005 3725 non
1082 3663 1417 3747 indigens,
1493 3666 1917 3750 benignitate
2005 3664 2293 3749 pollens,
2367 3662 2841 3748 hospitalitate

514 3767 839 3839 diffusus;
890 3771 1117 3828 servet
1147 3766 1213 3828 in
1263 3768 1848 3832 exhortationibus
1882 3768 2327 3843 alacritatem,
2359 3767 2429 3829 in
2474 3764 2842 3850 persecuti-

514 3869 754 3932 onibus
786 3867 1002 3941 fidem‚
1035 3869 1104 3930 in
1139 3869 1425 3933 caritate
1456 3872 1877 3954 patientiam,
1910 3871 1977 3933 in
2027 3870 2315 3934 veritate
2348 3868 2840 3942 constantiam3

511 3972 583 4035 in
614 3971 980 4034 haeresibus
1012 3992 1089 4034 ac
1138 3973 1323 4038 vitiis
1356 3974 1666 4040 omnibus
1699 3976 1922 4039 odium
1956 3974 2151 4050 sciat,
2182 3974 2252 4036 in
2301 3970 2843 4035 aemulationibus

507 4074 784 4150 nesciat,
812 4074 878 4136 in
902 4074 1182 4157 judiciis
1215 4098 1364 4139 eum
1398 4078 1772 4162 gratiosum
1806 4099 1957 4142 esse
1991 4077 2176 4141 sinas
2209 4080 2279 4140 et
2309 4082 2533 4139 tamen
2564 4077 2838 4158 gratum

506 4198 656 4241 esse
689 4178 1038 4242 concedaS.
1127 4180 1505 4257 Postremo,
1527 4182 1754 4246 omnia
1776 4187 1904 4245 ate
1929 4181 2222 4266 largiter
2243 4179 2464 4243 discat
2485 4198 2630 4261 quae
2653 4175 2839 4240 salu-

510 4283 719 4347 briter
751 4293 904 4349 tuos
951 4284 1212 4350 doceat.
1307 4285 1772 4352 Sacerdotium
1806 4288 2029 4372 ipsum
2077 4307 2245 4371 opus
2293 4305 2442 4349 esse
2489 4281 2838 4346 existimet
