3117 5025
979 413 1496 477 Benedictiones
1525 411 1996 494 Episcopales.
2510 410 2632 472 191

413 583 675 668 Detque
708 584 901 649 vobis
946 605 1170 649 veram
1203 586 1525 650 mentium
1572 581 2044 659 innocentiam,
2077 582 2191 666 qui
2239 601 2443 665 super
2470 580 2638 644 Uni-

317 686 620 770 genitum
690 707 885 751 suum
949 686 1271 771 Spiritum
1343 688 1662 752 Sanctum
1729 685 2177 749 demonstrari
2244 683 2457 749 voluit
2515 704 2636 769 per

318 788 715 865 columbam,
782 811 993 873 eaque
1060 790 1313 855 virtute
1386 796 1650 855 mentes
1725 795 1966 853 vestrae
2035 792 2478 852 exerceantur
2549 787 2634 851 ad

320 891 767 977 intelligenda
796 892 1035 956 divinae
1062 891 1238 978 legis
1269 913 1537 970 arcana,
1561 913 1697 977 qua
1724 892 1792 955 in
1827 889 2014 955 Cana
2044 889 2330 956 Galilaeae
2360 889 2636 977 lympha

323 1001 429 1060 est
460 996 530 1058 in
560 997 792 1060 vinum
823 1017 1170 1063 conversa.
1261 998 1496 1062 Amen.

409 1098 598 1183 Quod
628 1099 797 1184 ipse.

401 1317 745 1379 Benedictio
772 1320 839 1379 in
865 1321 960 1379 die
989 1319 1437 1397 Punficationis
1463 1322 1634 1381 beatae
1660 1321 1739 1380 M
1733 1323 1895 1381 ariae.

411 1533 846 1618 Omnipotens
890 1534 1095 1612 Deus,
1141 1536 1256 1620 qui
1310 1535 1747 1621 Unigenitum
1802 1556 1996 1600 suum
2046 1535 2370 1600 hodierna
2419 1535 2525 1600 die
2572 1538 2639 1599 in

324 1645 674 1723 assumpta
700 1661 899 1704 carne
930 1639 1279 1726 intemplo
1311 1640 1526 1706 voluit
1554 1641 1970 1726 praesentari,
1999 1639 2479 1704 benedictionis
2511 1661 2644 1704 suoe

327 1762 447 1807 vos
477 1762 751 1806 munere
782 1742 990 1807 fultos
1011 1742 1205 1807 bonis
1237 1742 1552 1825 operibus
1582 1743 1788 1808 faciat
1817 1742 2148 1806 exornari.
2202 1742 2470 1805 ·Amen.

410 1845 503 1909 Et
550 1844 662 1928 qui
704 1865 886 1932 eum,
923 1850 1000 1909 ut
1043 1845 1261 1930 legem
1308 1845 1728 1931 adimpleret,
1774 1845 2155 1909 ministrum
2209 1844 2424 1908 voluit
2473 1845 2640 1909 effici

323 1947 517 2032 legis,
536 1952 796 2011 mentes
818 1952 1084 2012 vestras
1106 1948 1403 2013 instruat
1421 1947 1596 2032 legis
1616 1967 1751 2012 suae
1771 1946 2185 2032 spiritalibus
2210 1946 2642 2011 documentis.

331 2052 566 2114 Amen.

407 2152 551 2237 Quo
598 2153 660 2217 ei
709 2159 780 2218 et
821 2174 944 2237 pro
996 2154 1396 2232 turturibus,
1444 2152 1783 2219 castitatis
1836 2173 1957 2216 seu
2011 2149 2320 2216 caritatis
2366 2171 2643 2215 munera

327 2258 581 2335 offerre,
613 2255 921 2332 valeatiS‚
953 2261 1024 2321 et
1066 2278 1189 2340 pro
1219 2257 1427 2343 pullis
1472 2256 1950 2332 columbarum,
1983 2251 2404 2339 spiritalibus
2448 2253 2640 2317 donis

326 2359 733 2423 exuberetis.
822 2361 1058 2423 Amen.

411 2461 599 2545 Quod
630 2462 797 2547 ipse.

399 2701 486 2760 I‘n
518 2699 807 2760 Cathedra
840 2700 899 2761 S.
933 2703 1115 2761 Petri.
1204 2701 1557 2761 BenedictiO.

390 2898 607 2975 Deus,
642 2898 757 2980 qui
788 2898 857 2961 in
888 2919 1111 2962 rerum
1157 2898 1575 2963 sensibilium
1619 2898 1910 2983 speculis
1954 2897 2277 2982 mysteria
2308 2917 2433 2961 sua
2460 2917 2642 2962 rese·
2728 2949 2733 2954 .

318 3009 451 3078 rat,
498 3001 837 3065 mentibus
888 3002 1266 3086 peregrinis
1320 3002 1580 3085 aperiat
1632 3003 1823 3066 vobis
1876 2999 2281 3066 cathedralis
2327 3003 2648 3085 mysteria

321 3104 652 3169 veritatis.
744 3104 979 3167 Amen.

415 3206 676 3291 Quique
723 3206 1180 3290 apostolorum
1225 3207 1587 3293 principem
1632 3228 1752 3292 pro
1797 3204 2200 3271 declaranda
2229 3205 2654 3290 apostolatus

326 3310 709 3386 eminentia,
764 3308 982 3374 voluit
1039 3310 1109 3372 in
1169 3310 1491 3375 cathedra
1549 3309 1801 3394 regalis
1864 3308 2220 3371 sacerdotii
2281 3308 2648 3387 sublimari,

331 3413 533 3478 corda
583 3418 812 3477 vestra
871 3411 1149 3477 inclinet
1199 3413 1267 3477 in
1321 3412 1766 3478 obedientiam
1829 3410 2139 3475 culminis
2192 3408 2652 3476 ecclesiastici.

333 3518 570 3580 Amen.

416 3619 557 3703 Quo
589 3618 801 3702 ipsius
829 3617 1161 3682 humiliati
1200 3620 1599 3695 reverentia,
1635 3616 1901 3703 probati
1946 3615 2266 3700 imperiis,
2301 3620 2372 3679 et
2400 3616 2648 3700 magis-

333 3721 527 3785 teriis
558 3719 792 3796 edocti,
825 3741 867 3784 a
896 3719 1120 3796 Petro,
1153 3719 1404 3784 coelesti
1437 3720 1794 3806 clavigero,
1829 3718 1898 3781 in
1930 3717 2075 3782 coeli
2105 3717 2391 3803 glorIam
2436 3740 2652 3783 mere-

327 3824 542 3888 -amini
573 3823 924 3887 introduci.
1014 3824 1250 3886 Amen.
