<?xml version="1.0" encoding="UTF-8"?>
<!DOCTYPE html PUBLIC "-//W3C//DTD XHTML 1.0 Transitional//EN"
    "http://www.w3.org/TR/xhtml1/DTD/xhtml1-transitional.dtd">
<html xmlns="http://www.w3.org/1999/xhtml" xml:lang="en" lang="en">
 <head>
  <title>
</title>
<meta http-equiv="Content-Type" content="text/html;charset=utf-8" />
  <meta name='ocr-system' content='tesseract 3.04.00' />
  <meta name='ocr-capabilities' content='ocr_page ocr_carea ocr_par ocr_line ocrx_word'/>
</head>
<body>
  <div class='ocr_page' id='page_1' title='image "./liberpontifical00hendgoog_0120.png"; bbox 0 0 3117 5025; ppageno 0'>
   <div class='ocr_carea' id='block_1_1' title="bbox 477 380 2013 455">
    <p class='ocr_par' dir='ltr' id='par_1_1' title="bbox 477 380 2013 455">
     <span class='ocr_line' id='line_1_1' title="bbox 477 380 2013 455; baseline -0.006 0"><span class='ocrx_word' id='word_1_1' title='bbox 477 382 560 455; x_wconf 82' lang='grc'><strong>68.</strong></span> <span class='ocrx_word' id='word_1_2' title='bbox 1260 383 1632 454; x_wconf 66' lang='lat' dir='ltr'><strong>Dediaeatie</strong></span> <span class='ocrx_word' id='word_1_3' title='bbox 1663 380 2013 449; x_wconf 77' lang='lat' dir='ltr'><strong>Eccleeiae‘.</strong></span> 
     </span>
    </p>
   </div>
   <div class='ocr_carea' id='block_1_2' title="bbox 482 585 2826 2733">
    <p class='ocr_par' dir='ltr' id='par_1_2' title="bbox 556 585 1623 663">
     <span class='ocr_line' id='line_1_2' title="bbox 556 585 1623 663; baseline 0.001 -16"><span class='ocrx_word' id='word_1_4' title='bbox 556 585 828 663; x_wconf 76' lang='lat' dir='ltr'><strong><em>Sequitur</em></strong></span> <span class='ocrx_word' id='word_1_5' title='bbox 853 588 1037 647; x_wconf 71' lang='lat' dir='ltr'><strong>oratio</strong></span> <span class='ocrx_word' id='word_1_6' title='bbox 1064 587 1129 646; x_wconf 79' lang='lat' dir='ltr'><strong>in</strong></span> <span class='ocrx_word' id='word_1_7' title='bbox 1156 588 1340 648; x_wconf 80' lang='lat' dir='ltr'><strong>medio</strong></span> <span class='ocrx_word' id='word_1_8' title='bbox 1369 589 1623 648; x_wconf 71' lang='lat' dir='ltr'><strong>eccleeiae.</strong></span> 
     </span>
    </p>

    <p class='ocr_par' dir='ltr' id='par_1_3' title="bbox 490 680 1278 764">
     <span class='ocr_line' id='line_1_3' title="bbox 490 680 1278 764; baseline 0.003 -18"><span class='ocrx_word' id='word_1_9' title='bbox 490 708 500 764; x_wconf 70' lang='lat' dir='ltr'>j</span> <span class='ocrx_word' id='word_1_10' title='bbox 565 680 891 746; x_wconf 78' lang='lat' dir='ltr'>Dominus</span> <span class='ocrx_word' id='word_1_11' title='bbox 920 683 1278 760; x_wconf 85' lang='lat' dir='ltr'><strong>vobiscum.</strong></span> 
     </span>
    </p>

    <p class='ocr_par' dir='ltr' id='par_1_4' title="bbox 482 782 2826 2733">
     <span class='ocr_line' id='line_1_4' title="bbox 486 782 2804 870; baseline -0.001 -20"><span class='ocrx_word' id='word_1_12' title='bbox 486 844 491 850; x_wconf 90' lang='lat'><strong>.</strong></span> <span class='ocrx_word' id='word_1_13' title='bbox 569 783 775 861; x_wconf 87' lang='lat' dir='ltr'><strong>Deus,</strong></span> <span class='ocrx_word' id='word_1_14' title='bbox 820 784 934 868; x_wconf 88' lang='lat' dir='ltr'><strong>qui</strong></span> <span class='ocrx_word' id='word_1_15' title='bbox 984 786 1163 850; x_wconf 89' lang='lat' dir='ltr'><strong>inter</strong></span> <span class='ocrx_word' id='word_1_16' title='bbox 1212 786 1576 851; x_wconf 88' lang='lat' dir='ltr'><strong>coelestium</strong></span> <span class='ocrx_word' id='word_1_17' title='bbox 1626 785 1952 852; x_wconf 84' lang='lat' dir='ltr'><strong>visionum</strong></span> <span class='ocrx_word' id='word_1_18' title='bbox 2002 808 2267 865; x_wconf 86' lang='lat' dir='ltr'><strong>arcana,</strong></span> <span class='ocrx_word' id='word_1_19' title='bbox 2314 808 2458 870; x_wconf 72' lang='lat' dir='ltr'><strong>quae</strong></span> <span class='ocrx_word' id='word_1_20' title='bbox 2505 782 2804 869; x_wconf 87' lang='lat' dir='ltr'><strong>pretioso</strong></span> 
     </span>
     <span class='ocr_line' id='line_1_5' title="bbox 482 888 2807 973; baseline -0.002 -19"><span class='ocrx_word' id='word_1_21' title='bbox 482 888 608 954; x_wconf 82' lang='lat' dir='ltr'><strong>tibi</strong></span> <span class='ocrx_word' id='word_1_22' title='bbox 633 894 702 953; x_wconf 92' lang='lat' dir='ltr'><strong>et</strong></span> <span class='ocrx_word' id='word_1_23' title='bbox 733 889 1089 973; x_wconf 83' lang='lat' dir='ltr'><strong>specialius</strong></span> <span class='ocrx_word' id='word_1_24' title='bbox 1119 889 1362 954; x_wconf 89' lang='lat' dir='ltr'><strong>dilecto</strong></span> <span class='ocrx_word' id='word_1_25' title='bbox 1391 889 1435 953; x_wconf 83' lang='lat' dir='ltr'><strong>J</strong></span> <span class='ocrx_word' id='word_1_26' title='bbox 1439 891 1684 954; x_wconf 90' lang='lat' dir='ltr'><strong>ohanni</strong></span> <span class='ocrx_word' id='word_1_27' title='bbox 1714 890 2051 968; x_wconf 77' lang='lat' dir='ltr'><strong>revelasti,</strong></span> <span class='ocrx_word' id='word_1_28' title='bbox 2075 890 2200 954; x_wconf 89' lang='lat' dir='ltr'><strong>sibi</strong></span> <span class='ocrx_word' id='word_1_29' title='bbox 2233 890 2433 954; x_wconf 90' lang='lat' dir='ltr'><strong>etiam</strong></span> <span class='ocrx_word' id='word_1_30' title='bbox 2464 889 2807 953; x_wconf 88' lang='lat' dir='ltr'><strong>civitatem</strong></span> 
     </span>
     <span class='ocr_line' id='line_1_6' title="bbox 488 993 2808 1081; baseline -0.001 -24"><span class='ocrx_word' id='word_1_31' title='bbox 488 993 863 1070; x_wconf 76' lang='lat' dir='ltr'><strong>ostendisti,</strong></span> <span class='ocrx_word' id='word_1_32' title='bbox 907 995 1098 1078; x_wconf 90' lang='lat' dir='ltr'><strong>cujus</strong></span> <span class='ocrx_word' id='word_1_33' title='bbox 1148 994 1384 1080; x_wconf 85' lang='lat' dir='ltr'><strong>plateae</strong></span> <span class='ocrx_word' id='word_1_34' title='bbox 1431 1016 1596 1059; x_wconf 86' lang='lat' dir='ltr'><strong>auro</strong></span> <span class='ocrx_word' id='word_1_35' title='bbox 1647 999 1970 1081; x_wconf 85' lang='lat' dir='ltr'><strong>teguntur</strong></span> <span class='ocrx_word' id='word_1_36' title='bbox 2020 995 2452 1059; x_wconf 87' lang='lat' dir='ltr'><strong>mundissimo</strong></span> <span class='ocrx_word' id='word_1_37' title='bbox 2506 998 2577 1058; x_wconf 91' lang='lat' dir='ltr'><strong>et</strong></span> <span class='ocrx_word' id='word_1_38' title='bbox 2626 1012 2808 1077; x_wconf 87' lang='lat' dir='ltr'><strong>gem-</strong></span> 
     </span>
     <span class='ocr_line' id='line_1_7' title="bbox 487 1097 2805 1185; baseline 0 -25"><span class='ocrx_word' id='word_1_39' title='bbox 487 1119 746 1161; x_wconf 89' lang='lat' dir='ltr'><strong>marum</strong></span> <span class='ocrx_word' id='word_1_40' title='bbox 805 1097 1068 1183; x_wconf 83' lang='lat' dir='ltr'><strong>fulgore</strong></span> <span class='ocrx_word' id='word_1_41' title='bbox 1128 1104 1414 1164; x_wconf 87' lang='lat' dir='ltr'><strong>vernant</strong></span> <span class='ocrx_word' id='word_1_42' title='bbox 1469 1099 1595 1164; x_wconf 91' lang='lat' dir='ltr'><strong>tibi</strong></span> <span class='ocrx_word' id='word_1_43' title='bbox 1661 1104 2024 1185; x_wconf 88' lang='lat' dir='ltr'><strong>perpetuo;</strong></span> <span class='ocrx_word' id='word_1_44' title='bbox 2087 1104 2277 1181; x_wconf 86' lang='lat' dir='ltr'><strong>cujus</strong></span> <span class='ocrx_word' id='word_1_45' title='bbox 2337 1098 2537 1162; x_wconf 91' lang='lat' dir='ltr'><strong>etiam</strong></span> <span class='ocrx_word' id='word_1_46' title='bbox 2598 1102 2805 1181; x_wconf 84' lang='lat' dir='ltr'><strong>portae</strong></span> 
     </span>
     <span class='ocr_line' id='line_1_8' title="bbox 491 1200 2809 1289; baseline 0 -26"><span class='ocrx_word' id='word_1_47' title='bbox 491 1202 877 1286; x_wconf 73' lang='lat' dir='ltr'><strong>margaritis</strong></span> <span class='ocrx_word' id='word_1_48' title='bbox 942 1204 1160 1268; x_wconf 80' lang='lat' dir='ltr'><strong>nitent</strong></span> <span class='ocrx_word' id='word_1_49' title='bbox 1224 1204 1749 1288; x_wconf 87' lang='lat' dir='ltr'><strong>pretiosissimis,</strong></span> <span class='ocrx_word' id='word_1_50' title='bbox 1810 1224 2188 1289; x_wconf 88' lang='lat' dir='ltr'><strong>quaesumus</strong></span> <span class='ocrx_word' id='word_1_51' title='bbox 2246 1208 2323 1267; x_wconf 90' lang='lat' dir='ltr'><strong>ut</strong></span> <span class='ocrx_word' id='word_1_52' title='bbox 2386 1205 2524 1266; x_wconf 88' lang='lat' dir='ltr'><strong>haec</strong></span> <span class='ocrx_word' id='word_1_53' title='bbox 2584 1200 2809 1265; x_wconf 89' lang='lat' dir='ltr'><strong>omnia</strong></span> 
     </span>
     <span class='ocr_line' id='line_1_9' title="bbox 491 1303 2808 1393; baseline -0.001 -25"><span class='ocrx_word' id='word_1_54' title='bbox 491 1311 880 1370; x_wconf 82' lang='lat' dir='ltr'><strong>ornamenta</strong></span> <span class='ocrx_word' id='word_1_55' title='bbox 921 1306 1325 1392; x_wconf 86' lang='lat' dir='ltr'><strong>magnifices,</strong></span> <span class='ocrx_word' id='word_1_56' title='bbox 1358 1307 1468 1371; x_wconf 91' lang='lat' dir='ltr'><strong>hic</strong></span> <span class='ocrx_word' id='word_1_57' title='bbox 1513 1307 1956 1393; x_wconf 79' lang='lat' dir='ltr'><strong>spiritualiter</strong></span> <span class='ocrx_word' id='word_1_58' title='bbox 1982 1307 2194 1372; x_wconf 85' lang='lat' dir='ltr'><strong>facias</strong></span> <span class='ocrx_word' id='word_1_59' title='bbox 2238 1307 2482 1382; x_wconf 90' lang='lat' dir='ltr'><strong>lucere,</strong></span> <span class='ocrx_word' id='word_1_60' title='bbox 2515 1310 2582 1370; x_wconf 91' lang='lat' dir='ltr'><strong>et</strong></span> <span class='ocrx_word' id='word_1_61' title='bbox 2624 1303 2808 1389; x_wconf 85' lang='lat' dir='ltr'><strong>pavi-</strong></span> 
     </span>
     <span class='ocr_line' id='line_1_10' title="bbox 491 1406 2812 1496; baseline -0.003 -21"><span class='ocrx_word' id='word_1_62' title='bbox 491 1408 930 1496; x_wconf 67' lang='lat' dir='ltr'><strong>mentifhujus</strong></span> <span class='ocrx_word' id='word_1_63' title='bbox 974 1410 1471 1494; x_wconf 86' lang='lat' dir='ltr'><strong>amplitudinem</strong></span> <span class='ocrx_word' id='word_1_64' title='bbox 1513 1411 1904 1489; x_wconf 85' lang='lat' dir='ltr'><strong>benedicas3</strong></span> <span class='ocrx_word' id='word_1_65' title='bbox 1952 1410 2232 1476; x_wconf 83' lang='lat' dir='ltr'><strong>concede</strong></span> <span class='ocrx_word' id='word_1_66' title='bbox 2278 1429 2559 1494; x_wconf 89' lang='lat' dir='ltr'><strong>quoque,</strong></span> <span class='ocrx_word' id='word_1_67' title='bbox 2589 1413 2667 1471; x_wconf 91' lang='lat' dir='ltr'><strong>ut</strong></span> <span class='ocrx_word' id='word_1_68' title='bbox 2696 1406 2812 1490; x_wconf 90' lang='lat' dir='ltr'><strong>qui</strong></span> 
     </span>
     <span class='ocr_line' id='line_1_11' title="bbox 492 1511 2813 1597; baseline 0 -23"><span class='ocrx_word' id='word_1_69' title='bbox 492 1518 562 1575; x_wconf 90' lang='lat' dir='ltr'><strong>te</strong></span> <span class='ocrx_word' id='word_1_70' title='bbox 624 1532 825 1597; x_wconf 90' lang='lat' dir='ltr'><strong>super</strong></span> <span class='ocrx_word' id='word_1_71' title='bbox 882 1515 1006 1577; x_wconf 91' lang='lat' dir='ltr'><strong>hoc</strong></span> <span class='ocrx_word' id='word_1_72' title='bbox 1063 1513 1513 1597; x_wconf 86' lang='lat' dir='ltr'><strong>pavimentum</strong></span> <span class='ocrx_word' id='word_1_73' title='bbox 1573 1513 2046 1589; x_wconf 86' lang='lat' dir='ltr'><strong>invocaverint,</strong></span> <span class='ocrx_word' id='word_1_74' title='bbox 2100 1512 2549 1576; x_wconf 81' lang='lat' dir='ltr'><strong>intercedente</strong></span> <span class='ocrx_word' id='word_1_75' title='bbox 2606 1511 2813 1575; x_wconf 83' lang='lat' dir='ltr'><strong>beata</strong></span> 
     </span>
     <span class='ocr_line' id='line_1_12' title="bbox 498 1612 2810 1701; baseline -0.001 -23"><span class='ocrx_word' id='word_1_76' title='bbox 498 1614 720 1678; x_wconf 85' lang='lat' dir='ltr'><strong>Maria</strong></span> <span class='ocrx_word' id='word_1_77' title='bbox 770 1635 920 1679; x_wconf 92' lang='lat' dir='ltr'><strong>cum</strong></span> <span class='ocrx_word' id='word_1_78' title='bbox 966 1615 1270 1678; x_wconf 85' lang='lat' dir='ltr'><strong>omnibus</strong></span> <span class='ocrx_word' id='word_1_79' title='bbox 1311 1615 1581 1693; x_wconf 87' lang='lat' dir='ltr'><strong>sanctis,</strong></span> <span class='ocrx_word' id='word_1_80' title='bbox 1627 1616 1712 1680; x_wconf 86' lang='lat' dir='ltr'><strong>ab</strong></span> <span class='ocrx_word' id='word_1_81' title='bbox 1757 1616 2014 1701; x_wconf 81' lang='lat' dir='ltr'><strong>angelis</strong></span> <span class='ocrx_word' id='word_1_82' title='bbox 2060 1616 2201 1680; x_wconf 87' lang='lat' dir='ltr'><strong>tuis</strong></span> <span class='ocrx_word' id='word_1_83' title='bbox 2244 1620 2579 1689; x_wconf 88' lang='lat' dir='ltr'><strong>tueantur,</strong></span> <span class='ocrx_word' id='word_1_84' title='bbox 2627 1618 2697 1677; x_wconf 92' lang='lat' dir='ltr'><strong>et</strong></span> <span class='ocrx_word' id='word_1_85' title='bbox 2743 1612 2810 1675; x_wconf 92' lang='lat' dir='ltr'><strong>in</strong></span> 
     </span>
     <span class='ocr_line' id='line_1_13' title="bbox 497 1716 2812 1805; baseline -0.001 -24"><span class='ocrx_word' id='word_1_86' title='bbox 497 1717 653 1781; x_wconf 90' lang='lat' dir='ltr'><strong>aula</strong></span> <span class='ocrx_word' id='word_1_87' title='bbox 712 1716 963 1782; x_wconf 86' lang='lat' dir='ltr'><strong>coelesti</strong></span> <span class='ocrx_word' id='word_1_88' title='bbox 1015 1718 1452 1783; x_wconf 82' lang='lat' dir='ltr'><strong>ascribantur.</strong></span> <span class='ocrx_word' id='word_1_89' title='bbox 1541 1719 1692 1784; x_wconf 92' lang='lat' dir='ltr'><strong>Hoc</strong></span> <span class='ocrx_word' id='word_1_90' title='bbox 1747 1721 1814 1785; x_wconf 90' lang='lat' dir='ltr'><strong>in</strong></span> <span class='ocrx_word' id='word_1_91' title='bbox 1871 1720 2017 1786; x_wconf 93' lang='lat' dir='ltr'><strong>loco</strong></span> <span class='ocrx_word' id='word_1_92' title='bbox 2071 1721 2261 1805; x_wconf 86' lang='lat' dir='ltr'><strong>plebs</strong></span> <span class='ocrx_word' id='word_1_93' title='bbox 2319 1725 2456 1797; x_wconf 90' lang='lat' dir='ltr'><strong>tua,</strong></span> <span class='ocrx_word' id='word_1_94' title='bbox 2509 1718 2812 1794; x_wconf 88' lang='lat' dir='ltr'><strong>Domine,</strong></span> 
     </span>
     <span class='ocr_line' id='line_1_14' title="bbox 498 1820 2810 1912; baseline 0 -29"><span class='ocrx_word' id='word_1_95' title='bbox 498 1842 740 1912; x_wconf 82' lang='lat' dir='ltr'><strong>manna</strong></span> <span class='ocrx_word' id='word_1_96' title='bbox 786 1820 1037 1886; x_wconf 86' lang='lat' dir='ltr'><strong>coelesti</strong></span> <span class='ocrx_word' id='word_1_97' title='bbox 1080 1822 1420 1886; x_wconf 86' lang='lat' dir='ltr'><strong>reficiatur</strong></span> <span class='ocrx_word' id='word_1_98' title='bbox 1448 1828 1517 1888; x_wconf 90' lang='lat' dir='ltr'><strong>et</strong></span> <span class='ocrx_word' id='word_1_99' title='bbox 1546 1823 1628 1886; x_wconf 91' lang='lat' dir='ltr'><strong>de</strong></span> <span class='ocrx_word' id='word_1_100' title='bbox 1676 1825 2044 1909; x_wconf 70' lang='lat' dir='ltr'><strong>spiritualis</strong></span> <span class='ocrx_word' id='word_1_101' title='bbox 2073 1830 2277 1908; x_wconf 85' lang='lat' dir='ltr'><strong>petrae</strong></span> <span class='ocrx_word' id='word_1_102' title='bbox 2323 1845 2493 1888; x_wconf 86' lang='lat' dir='ltr'><strong>vena</strong></span> <span class='ocrx_word' id='word_1_103' title='bbox 2521 1826 2810 1907; x_wconf 86' lang='lat' dir='ltr'><strong>potetur.</strong></span> 
     </span>
     <span class='ocr_line' id='line_1_15' title="bbox 498 1922 2811 2007; baseline 0.001 -20"><span class='ocrx_word' id='word_1_104' title='bbox 498 1923 633 1987; x_wconf 91' lang='lat' dir='ltr'><strong>Hic</strong></span> <span class='ocrx_word' id='word_1_105' title='bbox 681 1922 870 2007; x_wconf 87' lang='lat' dir='ltr'><strong>lepra</strong></span> <span class='ocrx_word' id='word_1_106' title='bbox 921 1924 1264 2007; x_wconf 89' lang='lat' dir='ltr'><strong>omnisque</strong></span> <span class='ocrx_word' id='word_1_107' title='bbox 1323 1924 1554 1990; x_wconf 87' lang='lat' dir='ltr'><strong>illuvio</strong></span> <span class='ocrx_word' id='word_1_108' title='bbox 1617 1926 1889 1990; x_wconf 87' lang='lat' dir='ltr'><strong>sceleris</strong></span> <span class='ocrx_word' id='word_1_109' title='bbox 1944 1950 1986 1992; x_wconf 92' lang='lat' dir='ltr'><strong>a</strong></span> <span class='ocrx_word' id='word_1_110' title='bbox 2037 1934 2105 1991; x_wconf 92' lang='lat' dir='ltr'><strong>te</strong></span> <span class='ocrx_word' id='word_1_111' title='bbox 2161 1948 2415 1990; x_wconf 89' lang='lat' dir='ltr'><strong>summo</strong></span> <span class='ocrx_word' id='word_1_112' title='bbox 2470 1926 2811 1990; x_wconf 83' lang='lat' dir='ltr'><strong>sacerdote</strong></span> 
     </span>
     <span class='ocr_line' id='line_1_16' title="bbox 498 2024 2812 2112; baseline 0.003 -26"><span class='ocrx_word' id='word_1_113' title='bbox 498 2024 896 2093; x_wconf 87' lang='lat' dir='ltr'><strong>eliminetur.</strong></span> <span class='ocrx_word' id='word_1_114' title='bbox 1007 2026 1138 2090; x_wconf 91' lang='lat' dir='ltr'><strong>Hic</strong></span> <span class='ocrx_word' id='word_1_115' title='bbox 1210 2027 1488 2092; x_wconf 91' lang='lat' dir='ltr'><strong>fimbriis</strong></span> <span class='ocrx_word' id='word_1_116' title='bbox 1553 2029 1698 2112; x_wconf 88' lang='lat' dir='ltr'><strong>jam</strong></span> <span class='ocrx_word' id='word_1_117' title='bbox 1773 2030 2235 2095; x_wconf 74' lang='lat' dir='ltr'><strong>misericordiae</strong></span> <span class='ocrx_word' id='word_1_118' title='bbox 2309 2036 2437 2094; x_wconf 85' lang='lat' dir='ltr'><strong>tuae</strong></span> <span class='ocrx_word' id='word_1_119' title='bbox 2511 2030 2812 2093; x_wconf 89' lang='lat' dir='ltr'><strong>infirmus</strong></span> 
     </span>
     <span class='ocr_line' id='line_1_17' title="bbox 495 2129 2815 2216; baseline 0.001 -25"><span class='ocrx_word' id='word_1_120' title='bbox 495 2130 782 2213; x_wconf 68' lang='lat' dir='ltr'><strong>quisque</strong></span> <span class='ocrx_word' id='word_1_121' title='bbox 835 2129 1194 2194; x_wconf 83' lang='lat' dir='ltr'><strong>adveniens</strong></span> <span class='ocrx_word' id='word_1_122' title='bbox 1245 2135 1487 2216; x_wconf 84' lang='lat' dir='ltr'><strong>tangat</strong></span> <span class='ocrx_word' id='word_1_123' title='bbox 1536 2138 1606 2197; x_wconf 88' lang='lat' dir='ltr'><strong>et</strong></span> <span class='ocrx_word' id='word_1_124' title='bbox 1655 2132 1968 2203; x_wconf 86' lang='lat' dir='ltr'><strong>salvetur.</strong></span> <span class='ocrx_word' id='word_1_125' title='bbox 2058 2132 2160 2198; x_wconf 91' lang='lat' dir='ltr'><strong>De</strong></span> <span class='ocrx_word' id='word_1_126' title='bbox 2212 2133 2504 2196; x_wconf 83' lang='lat' dir='ltr'><strong>sacrario</strong></span> <span class='ocrx_word' id='word_1_127' title='bbox 2553 2152 2815 2216; x_wconf 90' lang='lat' dir='ltr'><strong>quoque</strong></span> 
     </span>
     <span class='ocr_line' id='line_1_18' title="bbox 503 2233 2818 2300; baseline 0.001 -5"><span class='ocrx_word' id='word_1_128' title='bbox 503 2243 746 2295; x_wconf 77' lang='lat' dir='ltr'><strong>sanctae</strong></span> <span class='ocrx_word' id='word_1_129' title='bbox 793 2237 922 2297; x_wconf 86' lang='lat' dir='ltr'><strong>tuae</strong></span> <span class='ocrx_word' id='word_1_130' title='bbox 967 2233 1408 2297; x_wconf 82' lang='lat' dir='ltr'><strong>exauditionis</strong></span> <span class='ocrx_word' id='word_1_131' title='bbox 1451 2235 1582 2299; x_wconf 91' lang='lat' dir='ltr'><strong>huc</strong></span> <span class='ocrx_word' id='word_1_132' title='bbox 1627 2236 2009 2300; x_wconf 83' lang='lat' dir='ltr'><strong>transmitte</strong></span> <span class='ocrx_word' id='word_1_133' title='bbox 2062 2237 2433 2300; x_wconf 84' lang='lat' dir='ltr'><strong>antidotum</strong></span> <span class='ocrx_word' id='word_1_134' title='bbox 2478 2235 2818 2299; x_wconf 90' lang='lat' dir='ltr'><strong>reconcili-</strong></span> 
     </span>
     <span class='ocr_line' id='line_1_19' title="bbox 503 2335 2817 2422; baseline 0.001 -24"><span class='ocrx_word' id='word_1_135' title='bbox 503 2335 787 2411; x_wconf 82' lang='lat' dir='ltr'><strong>ationis3</strong></span> <span class='ocrx_word' id='word_1_136' title='bbox 852 2335 942 2399; x_wconf 91' lang='lat' dir='ltr'><strong>sit</strong></span> <span class='ocrx_word' id='word_1_137' title='bbox 997 2336 1105 2399; x_wconf 92' lang='lat' dir='ltr'><strong>hic</strong></span> <span class='ocrx_word' id='word_1_138' title='bbox 1166 2336 1249 2400; x_wconf 90' lang='lat' dir='ltr'><strong>ad</strong></span> <span class='ocrx_word' id='word_1_139' title='bbox 1310 2341 1378 2400; x_wconf 90' lang='lat' dir='ltr'><strong>te</strong></span> <span class='ocrx_word' id='word_1_140' title='bbox 1437 2337 1971 2422; x_wconf 86' lang='lat' dir='ltr'><strong>confugientibus</strong></span> <span class='ocrx_word' id='word_1_141' title='bbox 2032 2339 2310 2422; x_wconf 83' lang='lat' dir='ltr'><strong>asylum,</strong></span> <span class='ocrx_word' id='word_1_142' title='bbox 2366 2344 2435 2402; x_wconf 95' lang='lat' dir='ltr'><strong>et</strong></span> <span class='ocrx_word' id='word_1_143' title='bbox 2493 2338 2817 2402; x_wconf 87' lang='lat' dir='ltr'><strong>virtutum</strong></span> 
     </span>
     <span class='ocr_line' id='line_1_20' title="bbox 503 2438 2820 2526; baseline 0.001 -24"><span class='ocrx_word' id='word_1_144' title='bbox 503 2438 792 2502; x_wconf 90' lang='lat' dir='ltr'><strong>omnium</strong></span> <span class='ocrx_word' id='word_1_145' title='bbox 853 2438 1351 2526; x_wconf 88' lang='lat' dir='ltr'><strong>apparitorium.</strong></span> <span class='ocrx_word' id='word_1_146' title='bbox 1437 2441 1693 2519; x_wconf 75' lang='lat' dir='ltr'><strong>Praesta</strong></span> <span class='ocrx_word' id='word_1_147' title='bbox 1749 2463 2029 2526; x_wconf 84' lang='lat' dir='ltr'><strong>quoque,</strong></span> <span class='ocrx_word' id='word_1_148' title='bbox 2089 2442 2390 2520; x_wconf 89' lang='lat' dir='ltr'><strong>Domine,</strong></span> <span class='ocrx_word' id='word_1_149' title='bbox 2428 2447 2542 2515; x_wconf 64' lang='lat' dir='ltr'><strong>„ut</strong></span> <span class='ocrx_word' id='word_1_150' title='bbox 2583 2441 2691 2505; x_wconf 89' lang='lat' dir='ltr'><strong>hic</strong></span> <span class='ocrx_word' id='word_1_151' title='bbox 2751 2447 2820 2506; x_wconf 89' lang='lat' dir='ltr'><strong>te</strong></span> 
     </span>
     <span class='ocr_line' id='line_1_21' title="bbox 504 2544 2826 2631; baseline 0.001 -23"><span class='ocrx_word' id='word_1_152' title='bbox 504 2545 860 2608; x_wconf 85' lang='lat' dir='ltr'><strong>alorantes</strong></span> <span class='ocrx_word' id='word_1_153' title='bbox 907 2550 977 2608; x_wconf 90' lang='lat' dir='ltr'><strong>et</strong></span> <span class='ocrx_word' id='word_1_154' title='bbox 1021 2544 1359 2609; x_wconf 86' lang='lat' dir='ltr'><strong>adoraturi</strong></span> <span class='ocrx_word' id='word_1_155' title='bbox 1390 2566 1620 2609; x_wconf 91' lang='lat' dir='ltr'><strong>omnes</strong></span> <span class='ocrx_word' id='word_1_156' title='bbox 1666 2547 2175 2630; x_wconf 86' lang='lat' dir='ltr'><strong>prosperitatem</strong></span> <span class='ocrx_word' id='word_1_157' title='bbox 2221 2552 2706 2631; x_wconf 82' lang='lat' dir='ltr'><strong>assequantur3</strong></span> <span class='ocrx_word' id='word_1_158' title='bbox 2755 2552 2826 2611; x_wconf 90' lang='lat' dir='ltr'><strong>et</strong></span> 
     </span>
     <span class='ocr_line' id='line_1_22' title="bbox 506 2646 2821 2733; baseline 0.002 -23"><span class='ocrx_word' id='word_1_159' title='bbox 506 2652 660 2731; x_wconf 87' lang='lat' dir='ltr'><strong>post</strong></span> <span class='ocrx_word' id='word_1_160' title='bbox 691 2647 841 2711; x_wconf 86' lang='lat' dir='ltr'><strong>vitae</strong></span> <span class='ocrx_word' id='word_1_161' title='bbox 870 2646 1068 2711; x_wconf 89' lang='lat' dir='ltr'><strong>istius</strong></span> <span class='ocrx_word' id='word_1_162' title='bbox 1099 2668 1362 2712; x_wconf 91' lang='lat' dir='ltr'><strong>cursum</strong></span> <span class='ocrx_word' id='word_1_163' title='bbox 1397 2648 1653 2712; x_wconf 87' lang='lat' dir='ltr'><strong>meritis</strong></span> <span class='ocrx_word' id='word_1_164' title='bbox 1683 2650 1892 2714; x_wconf 85' lang='lat' dir='ltr'><strong>beatae</strong></span> <span class='ocrx_word' id='word_1_165' title='bbox 1925 2650 2155 2714; x_wconf 88' lang='lat' dir='ltr'><strong>Mariae</strong></span> <span class='ocrx_word' id='word_1_166' title='bbox 2186 2650 2364 2714; x_wconf 87' lang='lat' dir='ltr'><strong>inter</strong></span> <span class='ocrx_word' id='word_1_167' title='bbox 2393 2649 2821 2733; x_wconf 84' lang='lat' dir='ltr'><strong>splendentes</strong></span> 
     </span>
    </p>
   </div>
   <div class='ocr_carea' id='block_1_3' title="bbox 503 2749 2819 2917">
    <p class='ocr_par' dir='ltr' id='par_1_5' title="bbox 503 2749 2819 2917">
     <span class='ocr_line' id='line_1_23' title="bbox 507 2749 2819 2838; baseline 0 -24"><span class='ocrx_word' id='word_1_168' title='bbox 507 2749 796 2814; x_wconf 84' lang='lat' dir='ltr'><strong>coelestis</strong></span> <span class='ocrx_word' id='word_1_169' title='bbox 845 2750 1039 2813; x_wconf 85' lang='lat' dir='ltr'><strong>curiae</strong></span> <span class='ocrx_word' id='word_1_170' title='bbox 1087 2751 1394 2815; x_wconf 86' lang='lat' dir='ltr'><strong>cohortes</strong></span> <span class='ocrx_word' id='word_1_171' title='bbox 1442 2751 1639 2815; x_wconf 86' lang='lat' dir='ltr'><strong>stolis</strong></span> <span class='ocrx_word' id='word_1_172' title='bbox 1691 2753 2104 2838; x_wconf 85' lang='lat' dir='ltr'><strong>sempiternae</strong></span> <span class='ocrx_word' id='word_1_173' title='bbox 2147 2752 2583 2836; x_wconf 72' lang='lat' dir='ltr'><strong>jocunditatis</strong></span> <span class='ocrx_word' id='word_1_174' title='bbox 2628 2751 2819 2816; x_wconf 90' lang='lat' dir='ltr'><strong>indu-</strong></span> 
     </span>
     <span class='ocr_line' id='line_1_24' title="bbox 503 2851 1356 2917; baseline 0.004 -3"><span class='ocrx_word' id='word_1_175' title='bbox 503 2858 733 2915; x_wconf 84' lang='lat' dir='ltr'><strong>·antur.</strong></span> <span class='ocrx_word' id='word_1_176' title='bbox 822 2853 953 2917; x_wconf 90' lang='lat' dir='ltr'><strong>Per</strong></span> <span class='ocrx_word' id='word_1_177' title='bbox 979 2851 1356 2917; x_wconf 90' lang='lat' dir='ltr'><strong>Dominum.</strong></span> 
     </span>
    </p>
   </div>
   <div class='ocr_carea' id='block_1_4' title="bbox 503 2955 2824 4385">
    <p class='ocr_par' dir='ltr' id='par_1_6' title="bbox 592 2955 1273 3022">
     <span class='ocr_line' id='line_1_25' title="bbox 592 2955 1273 3022; baseline -0.001 -2"><span class='ocrx_word' id='word_1_178' title='bbox 592 2959 880 3022; x_wconf 80' lang='lat' dir='ltr'><strong>Ibidem.</strong></span> <span class='ocrx_word' id='word_1_179' title='bbox 973 2955 1273 3020; x_wconf 91' lang='lat' dir='ltr'><strong>Oremus.</strong></span> 
     </span>
    </p>

    <p class='ocr_par' dir='ltr' id='par_1_7' title="bbox 594 3058 1603 3143">
     <span class='ocr_line' id='line_1_26' title="bbox 594 3058 1603 3143; baseline -0.002 -19"><span class='ocrx_word' id='word_1_180' title='bbox 594 3060 976 3124; x_wconf 88' lang='lat' dir='ltr'><strong>Flectamus</strong></span> <span class='ocrx_word' id='word_1_181' title='bbox 1005 3079 1243 3143; x_wconf 81' lang='lat' dir='ltr'><strong>genua.</strong></span> <span class='ocrx_word' id='word_1_182' title='bbox 1332 3058 1603 3124; x_wconf 87' lang='lat' dir='ltr'><strong>Levate.</strong></span> 
     </span>
    </p>

    <p class='ocr_par' dir='ltr' id='par_1_8' title="bbox 503 3160 2822 3541">
     <span class='ocr_line' id='line_1_27' title="bbox 601 3160 2820 3245; baseline 0 -18"><span class='ocrx_word' id='word_1_183' title='bbox 601 3164 865 3227; x_wconf 77' lang='lat' dir='ltr'><strong>Oratio.</strong></span> <span class='ocrx_word' id='word_1_184' title='bbox 970 3161 1155 3225; x_wconf 90' lang='lat' dir='ltr'><strong>Deus</strong></span> <span class='ocrx_word' id='word_1_185' title='bbox 1213 3160 1328 3245; x_wconf 88' lang='lat' dir='ltr'><strong>qui</strong></span> <span class='ocrx_word' id='word_1_186' title='bbox 1388 3160 1532 3226; x_wconf 85' lang='lat' dir='ltr'><strong>lo&#39;ca</strong></span> <span class='ocrx_word' id='word_1_187' title='bbox 1593 3162 1840 3226; x_wconf 91' lang='lat' dir='ltr'><strong>nomini</strong></span> <span class='ocrx_word' id='word_1_188' title='bbox 1899 3168 2018 3227; x_wconf 88' lang='lat' dir='ltr'><strong>tuo</strong></span> <span class='ocrx_word' id='word_1_189' title='bbox 2078 3162 2361 3229; x_wconf 85' lang='lat' dir='ltr'><strong>dicanda</strong></span> <span class='ocrx_word' id='word_1_190' title='bbox 2420 3162 2820 3240; x_wconf 87' lang='lat' dir='ltr'><strong>sanctificas,</strong></span> 
     </span>
     <span class='ocr_line' id='line_1_28' title="bbox 503 3269 2822 3356; baseline -0 -22"><span class='ocrx_word' id='word_1_191' title='bbox 503 3270 770 3334; x_wconf 83' lang='lat' dir='ltr'><strong>effunde</strong></span> <span class='ocrx_word' id='word_1_192' title='bbox 832 3290 1033 3354; x_wconf 91' lang='lat' dir='ltr'><strong>super</strong></span> <span class='ocrx_word' id='word_1_193' title='bbox 1076 3270 1248 3332; x_wconf 88' lang='lat' dir='ltr'><strong>hanc</strong></span> <span class='ocrx_word' id='word_1_194' title='bbox 1300 3269 1619 3333; x_wconf 89' lang='lat' dir='ltr'><strong>orationis</strong></span> <span class='ocrx_word' id='word_1_195' title='bbox 1679 3269 1941 3333; x_wconf 91' lang='lat' dir='ltr'><strong>domum</strong></span> <span class='ocrx_word' id='word_1_196' title='bbox 1995 3271 2283 3356; x_wconf 86' lang='lat' dir='ltr'><strong>gratiam</strong></span> <span class='ocrx_word' id='word_1_197' title='bbox 2344 3276 2548 3347; x_wconf 90' lang='lat' dir='ltr'><strong>tuam,</strong></span> <span class='ocrx_word' id='word_1_198' title='bbox 2603 3274 2679 3334; x_wconf 90' lang='lat' dir='ltr'><strong>ut</strong></span> <span class='ocrx_word' id='word_1_199' title='bbox 2736 3270 2822 3333; x_wconf 89' lang='lat' dir='ltr'><strong>ab</strong></span> 
     </span>
     <span class='ocr_line' id='line_1_29' title="bbox 508 3371 2821 3450; baseline -0.001 -12"><span class='ocrx_word' id='word_1_200' title='bbox 508 3373 812 3438; x_wconf 88' lang='lat' dir='ltr'><strong>omnibus</strong></span> <span class='ocrx_word' id='word_1_201' title='bbox 845 3373 952 3436; x_wconf 89' lang='lat' dir='ltr'><strong>hic</strong></span> <span class='ocrx_word' id='word_1_202' title='bbox 991 3371 1453 3436; x_wconf 81' lang='lat' dir='ltr'><strong>invocantibus</strong></span> <span class='ocrx_word' id='word_1_203' title='bbox 1483 3392 1723 3436; x_wconf 90' lang='lat' dir='ltr'><strong>nomen</strong></span> <span class='ocrx_word' id='word_1_204' title='bbox 1754 3378 1965 3450; x_wconf 89' lang='lat' dir='ltr'><strong>tuum,</strong></span> <span class='ocrx_word' id='word_1_205' title='bbox 1997 3373 2315 3438; x_wconf 85' lang='lat' dir='ltr'><strong>auxilium</strong></span> <span class='ocrx_word' id='word_1_206' title='bbox 2359 3371 2821 3436; x_wconf 73' lang='lat' dir='ltr'><strong>misericordiae</strong></span> 
     </span>
     <span class='ocr_line' id='line_1_30' title="bbox 509 3473 1645 3541; baseline -0.003 0"><span class='ocrx_word' id='word_1_207' title='bbox 509 3483 642 3541; x_wconf 83' lang='lat' dir='ltr'><strong>tuae</strong></span> <span class='ocrx_word' id='word_1_208' title='bbox 676 3477 1023 3540; x_wconf 87' lang='lat' dir='ltr'><strong>sentiatur.</strong></span> <span class='ocrx_word' id='word_1_209' title='bbox 1111 3475 1240 3538; x_wconf 91' lang='lat' dir='ltr'><strong>Per</strong></span> <span class='ocrx_word' id='word_1_210' title='bbox 1268 3473 1645 3538; x_wconf 87' lang='lat' dir='ltr'><strong>Dominum.</strong></span> 
     </span>
    </p>

    <p class='ocr_par' dir='ltr' id='par_1_9' title="bbox 594 3578 1262 3643">
     <span class='ocr_line' id='line_1_31' title="bbox 594 3578 1262 3643; baseline -0.001 0"><span class='ocrx_word' id='word_1_211' title='bbox 594 3581 640 3643; x_wconf 92' lang='lat' dir='ltr'><em>I</em></span> <span class='ocrx_word' id='word_1_212' title='bbox 643 3592 872 3642; x_wconf 66' lang='lat' dir='ltr'><strong>lerum.</strong></span> <span class='ocrx_word' id='word_1_213' title='bbox 964 3578 1262 3642; x_wconf 75' lang='lat' dir='ltr'><strong>oremus·</strong></span> 
     </span>
    </p>

    <p class='ocr_par' dir='ltr' id='par_1_10' title="bbox 596 3679 2823 3765">
     <span class='ocr_line' id='line_1_32' title="bbox 596 3679 2823 3765; baseline -0.002 -19"><span class='ocrx_word' id='word_1_214' title='bbox 596 3685 975 3746; x_wconf 82' lang='lat' dir='ltr'><strong>Flectamus</strong></span> <span class='ocrx_word' id='word_1_215' title='bbox 1002 3702 1240 3765; x_wconf 88' lang='lat' dir='ltr'><strong>genua.</strong></span> <span class='ocrx_word' id='word_1_216' title='bbox 1327 3679 1600 3745; x_wconf 87' lang='lat' dir='ltr'><strong>Levate.</strong></span> <span class='ocrx_word' id='word_1_217' title='bbox 2820 3752 2823 3756; x_wconf 11' lang='grc' dir='ltr'><strong>Α</strong></span> 
     </span>
    </p>

    <p class='ocr_par' dir='ltr' id='par_1_11' title="bbox 514 3781 2824 4385">
     <span class='ocr_line' id='line_1_33' title="bbox 613 3781 2823 3867; baseline -0.004 -16"><span class='ocrx_word' id='word_1_218' title='bbox 613 3788 878 3852; x_wconf 78' lang='lat' dir='ltr'><strong>Oratio,</strong></span> <span class='ocrx_word' id='word_1_219' title='bbox 995 3784 1200 3859; x_wconf 90' lang='lat' dir='ltr'><strong>Deus,</strong></span> <span class='ocrx_word' id='word_1_220' title='bbox 1276 3784 1870 3849; x_wconf 88' lang='lat' dir='ltr'><strong>sanctificationum</strong></span> <span class='ocrx_word' id='word_1_221' title='bbox 1946 3783 2362 3867; x_wconf 85' lang='lat' dir='ltr'><strong>omnipotens</strong></span> <span class='ocrx_word' id='word_1_222' title='bbox 2434 3781 2823 3859; x_wconf 88' lang='lat' dir='ltr'><strong>dominator,</strong></span> 
     </span>
     <span class='ocr_line' id='line_1_34' title="bbox 514 3874 2824 3974; baseline -0.003 -18"><span class='ocrx_word' id='word_1_223' title='bbox 514 3893 704 3974; x_wconf 86' lang='lat' dir='ltr'><strong>cujus</strong></span> <span class='ocrx_word' id='word_1_224' title='bbox 752 3890 967 3974; x_wconf 89' lang='lat' dir='ltr'><strong>pietas</strong></span> <span class='ocrx_word' id='word_1_225' title='bbox 1010 3888 1151 3951; x_wconf 89' lang='lat' dir='ltr'><strong>sine</strong></span> <span class='ocrx_word' id='word_1_226' title='bbox 1201 3888 1330 3954; x_wconf 90' lang='lat' dir='ltr'><strong>fine</strong></span> <span class='ocrx_word' id='word_1_227' title='bbox 1381 3888 1704 3965; x_wconf 83' lang='lat' dir='ltr'><strong>sentitur3</strong></span> <span class='ocrx_word' id='word_1_228' title='bbox 1750 3886 1955 3963; x_wconf 90' lang='lat' dir='ltr'><strong>Deus,</strong></span> <span class='ocrx_word' id='word_1_229' title='bbox 2002 3887 2114 3971; x_wconf 91' lang='lat' dir='ltr'><strong>qui</strong></span> <span class='ocrx_word' id='word_1_230' title='bbox 2167 3874 2703 3951; x_wconf 81' lang='lat' dir='ltr'><strong>coelestiasimul</strong></span> <span class='ocrx_word' id='word_1_231' title='bbox 2756 3891 2824 3950; x_wconf 91' lang='lat' dir='ltr'><strong>et</strong></span> 
     </span>
     <span class='ocr_line' id='line_1_35' title="bbox 516 3987 2822 4074; baseline -0.004 -14"><span class='ocrx_word' id='word_1_232' title='bbox 516 4003 781 4060; x_wconf 83' lang='lat' dir='ltr'><strong>terrena</strong></span> <span class='ocrx_word' id='word_1_233' title='bbox 834 3991 1217 4066; x_wconf 75' lang='lat' dir='ltr'><strong>moderariS,</strong></span> <span class='ocrx_word' id='word_1_234' title='bbox 1272 4011 1546 4054; x_wconf 87' lang='lat' dir='ltr'><strong>servans</strong></span> <span class='ocrx_word' id='word_1_235' title='bbox 1598 3990 2112 4054; x_wconf 86' lang='lat' dir='ltr'><strong>misericordiam</strong></span> <span class='ocrx_word' id='word_1_236' title='bbox 2167 3996 2349 4054; x_wconf 89' lang='lat' dir='ltr'><strong>tuam</strong></span> <span class='ocrx_word' id='word_1_237' title='bbox 2411 3987 2662 4074; x_wconf 73' lang='lat' dir='ltr'><strong>populos</strong></span> <span class='ocrx_word' id='word_1_238' title='bbox 2706 3993 2822 4052; x_wconf 90' lang='lat' dir='ltr'><strong>tuo</strong></span> 
     </span>
     <span class='ocr_line' id='line_1_36' title="bbox 517 4086 2824 4179; baseline -0.004 -15"><span class='ocrx_word' id='word_1_239' title='bbox 517 4097 878 4164; x_wconf 85' lang='lat' dir='ltr'><strong>ambulanti</strong></span> <span class='ocrx_word' id='word_1_240' title='bbox 904 4101 1058 4159; x_wconf 90' lang='lat' dir='ltr'><strong>ante</strong></span> <span class='ocrx_word' id='word_1_241' title='bbox 1081 4099 1500 4179; x_wconf 88' lang='lat' dir='ltr'><strong>conspectum</strong></span> <span class='ocrx_word' id='word_1_242' title='bbox 1519 4093 1747 4179; x_wconf 88' lang='lat' dir='ltr'><strong>gloriae</strong></span> <span class='ocrx_word' id='word_1_243' title='bbox 1768 4099 1932 4171; x_wconf 80' lang='lat' dir='ltr'><strong>tuae3</strong></span> <span class='ocrx_word' id='word_1_244' title='bbox 1980 4094 2217 4158; x_wconf 86' lang='lat' dir='ltr'><strong>exaudi</strong></span> <span class='ocrx_word' id='word_1_245' title='bbox 2236 4114 2466 4177; x_wconf 87' lang='lat' dir='ltr'><strong>preces</strong></span> <span class='ocrx_word' id='word_1_246' title='bbox 2488 4086 2824 4156; x_wconf 85' lang='lat' dir='ltr'><strong>servorum</strong></span> 
     </span>
     <span class='ocr_line' id='line_1_37' title="bbox 517 4195 2822 4283; baseline -0.004 -17"><span class='ocrx_word' id='word_1_247' title='bbox 517 4212 802 4275; x_wconf 86' lang='lat' dir='ltr'><strong>tuorum,</strong></span> <span class='ocrx_word' id='word_1_248' title='bbox 836 4204 904 4261; x_wconf 91' lang='lat' dir='ltr'><strong>et</strong></span> <span class='ocrx_word' id='word_1_249' title='bbox 943 4205 1185 4283; x_wconf 87' lang='lat' dir='ltr'><strong>praesta</strong></span> <span class='ocrx_word' id='word_1_250' title='bbox 1214 4204 1290 4262; x_wconf 93' lang='lat' dir='ltr'><strong>ut</strong></span> <span class='ocrx_word' id='word_1_251' title='bbox 1336 4197 1470 4262; x_wconf 90' lang='lat' dir='ltr'><strong>sint</strong></span> <span class='ocrx_word' id='word_1_252' title='bbox 1500 4197 1672 4261; x_wconf 91' lang='lat' dir='ltr'><strong>oculi</strong></span> <span class='ocrx_word' id='word_1_253' title='bbox 1703 4198 1803 4260; x_wconf 89' lang='lat' dir='ltr'><strong>tui</strong></span> <span class='ocrx_word' id='word_1_254' title='bbox 1842 4198 2055 4281; x_wconf 85' lang='lat' dir='ltr'><strong>aperti</strong></span> <span class='ocrx_word' id='word_1_255' title='bbox 2088 4217 2287 4281; x_wconf 90' lang='lat' dir='ltr'><strong>super</strong></span> <span class='ocrx_word' id='word_1_256' title='bbox 2328 4196 2593 4259; x_wconf 88' lang='lat' dir='ltr'><strong>domum</strong></span> <span class='ocrx_word' id='word_1_257' title='bbox 2624 4195 2822 4258; x_wconf 89' lang='lat' dir='ltr'><strong>istam</strong></span> 
     </span>
     <span class='ocr_line' id='line_1_38' title="bbox 518 4296 2824 4385; baseline -0.004 -15"><span class='ocrx_word' id='word_1_258' title='bbox 518 4306 622 4372; x_wconf 81' lang='lat' dir='ltr'><strong>die</strong></span> <span class='ocrx_word' id='word_1_259' title='bbox 656 4328 731 4369; x_wconf 85' lang='lat' dir='ltr'><strong>ac</strong></span> <span class='ocrx_word' id='word_1_260' title='bbox 766 4309 997 4366; x_wconf 86' lang='lat' dir='ltr'><strong>nocte:</strong></span> <span class='ocrx_word' id='word_1_261' title='bbox 1044 4300 1225 4366; x_wconf 85' lang='lat' dir='ltr'><strong>hanc</strong></span> <span class='ocrx_word' id='word_1_262' title='bbox 1261 4322 1516 4385; x_wconf 89' lang='lat' dir='ltr'><strong>quoque</strong></span> <span class='ocrx_word' id='word_1_263' title='bbox 1561 4299 1906 4365; x_wconf 87' lang='lat' dir='ltr'><strong>basilicam</strong></span> <span class='ocrx_word' id='word_1_264' title='bbox 1938 4299 2004 4362; x_wconf 88' lang='lat' dir='ltr'><strong>iu</strong></span> <span class='ocrx_word' id='word_1_265' title='bbox 2054 4300 2302 4363; x_wconf 88' lang='lat' dir='ltr'><strong>honore</strong></span> <span class='ocrx_word' id='word_1_266' title='bbox 2335 4297 2546 4363; x_wconf 86' lang='lat' dir='ltr'><strong>sancti</strong></span> <span class='ocrx_word' id='word_1_267' title='bbox 2594 4296 2694 4362; x_wconf 89' lang='lat' dir='ltr'><strong>tui</strong></span> <span class='ocrx_word' id='word_1_268' title='bbox 2739 4297 2824 4361; x_wconf 92' lang='lat' dir='ltr'><strong>N.</strong></span> 
     </span>
    </p>
   </div>
  </div>
 </body>
</html>
