3117 5025
585 335 711 398 362
1409 340 1821 403 Ordination
1856 336 2069 399 Lista.

670 527 1056 593 Willelmus
1088 531 1484 594 Bakehouse
1516 530 1597 594 de
1632 529 1854 614 Misyn

668 629 1061 697 Willelmus
1092 632 1447 697 Wilkokes
1478 631 1812 717 parochiae
1843 631 1923 696 de
1958 630 2244 695 Croston

671 732 1011 800 Hem-icus
1043 736 1313 800 Blomer
1344 737 1425 800 de
1457 735 1747 820 Topcliff

676 835 1199 924 christophorus
1234 841 1479 924 Scroby
1511 840 1594 903 de
1627 839 1993 922 Brompton

674 944 996 1010 Ricardus
1025 945 1304 1010 Dukker
1333 948 1415 1010 de
1449 948 1693 1031 Mysyn
1933 952 1937 957 '

674 1048 966 1113 Thomas
998 1050 1397 1136 Kyngeston
1432 1051 1511 1114 de
1544 1049 2001 1134 Whesington

668 1152 1056 1218 Willelmus
1090 1155 1385 1219 Standen
1418 1155 1747 1240 parochiae
1782 1154 2168 1218 Slaiteburn

670 1257 976 1342 Rogerus
1009 1259 1280 1344 Morley'
1305 1261 1630 1344 paroehiae
1661 1259 1742 1323 de
1777 1259 2126 1323 Slaitburn
2300 1340 2303 1345 Δ
2377 1314 2381 1318 .

668 1361 976 1447 Rogerus
1011 1346 1294 1427 Bro'wne
1326 1363 1406 1426 de
1439 1363 1699 1447 Kirkby
1735 1384 1935 1446 super
1965 1362 2220 1425 Wharf

670 1465 1061 1530 Willelmus
1094 1467 1317 1551 Tyson
1348 1467 1429 1550 de
1463 1467 1783 1551 Pikering

676 1570 922 1634 Petrus
958 1572 1157 1635 Stede
1190 1572 1272 1634 de
1306 1569 1615 1655 Molseby

676 1674 716 1738 J
724 1675 1022 1739 ohannes
1056 1675 1323 1759 Thorpe
1356 1674 1436 1737 de
1470 1674 1813 1738 Midilton·

673 1776 1068 1842 Willelmus
1102 1777 1336 1841 Gilson
1371 1778 1451 1840 de
1484 1776 1672 1840 Drax

676 1882 968 1946 Thomas
1001 1881 1238 1946 Clerke
1271 1883 1351 1947 de
1387 1883 1630 1966 Swyna

672 1986 1001 2051 Ricardus
1037 1987 1429 2070 Stewynson
1462 1987 1543 2049 de
1577 1984 1931 2069 Melsynby

674 2091 1058 2155 Willelmus
1090 2090 1521 2155 Williamson
1555 2090 1636 2153 de
1667 2089 1990 2173 Esshilby
2050 2142 2053 2147 .

676 2195 1012 2259 Antonius
1044 2195 1288 2258 Fisher
1321 2197 1401 2258 de
1435 2192 1805 2258 Eversham

675 2300 1011 2362 Robertus
1046 2298 1306 2361 Benson
1341 2298 1423 2362 de
1455 2297 1942 2380 Knaresburgh
2044 2282 2047 2285 ¹

678 2403 969 2465 Thomas
999 2401 1227 2486 Rapar
1256 2402 1338 2465 de
1371 2402 1658 2466 Warton

676 2508 967 2571 Thomas
1004 2505 1343 2579 ,Shurroke
1375 2506 1455 2569 de
1488 2506 1893 2570 Ribchester

673 2613 713 2677 J
720 2612 964 2676 aeobus
996 2610 1284 2674 Metcalf
1307 2610 1388 2673 de
1421 2610 1704 2694 Wytton

675 2717 716 2781 J
721 2717 1022 2780 ohannes
1058 2713 1362 2798 Skynner
1391 2713 1472 2776 de
1503 2714 1836 2798 Aysearth

676 2818 1136 2885 Christoferus
1169 2816 1450 2880 Walker
1481 2817 1561 2879 de
1594 2816 1964 2880 Richmond

675 2923 1014 2987 Henricus
1046 2922 1385 2984 Thomson
1417 2921 1497 2983 de
1532 2919 1773 2984 Bolton
1805 2921 1870 2981 in
1905 2918 2325 2982 Wensladall

677 3027 1012 3090 Robertus
1047 3022 1311 3108 Ooghill
1343 3024 1424 3086 de
1460 3023 1777 3107 Skrewyn

587 3145 595 3154 ·
676 3129 1050 3194 Richardus
1082 3126 1347 3191 Denton
1379 3128 1459 3190 de
1492 3128 1909 3191 Ribchester.

677 3232 1065 3296 Willelmus
1100 3230 1329 3294 Sawre
1361 3231 1443 3293 de
1477 3230 1819 3315 Ohepinge

678 3338 964 3400 Elezeus
997 3334 1406 3399 Crummlum
1440 3334 1521 3397 de
1554 3334 1968 3397 Rebehester

678 3444 970 3506 Thomas
1005 3438 1400 3503 Wederhall
1433 3439 1514 3502 de
1550 3439 1824 3502 Sharow

619 3585 622 3590 >
672 3549 1009 3612 Hem-icus
1042 3544 1443 3629 Tyttington
1477 3544 1557 3606 de
1591 3543 1851 3627 Kirkby
1883 3543 1951 3605 in
1985 3539 2346 3605 Lonsdaill.

1359 3821 1364 3826 .
1509 3749 1959 3812 Subdiacom‘.

679 3859 920 3923 Frater
949 3856 990 3920 J
995 3856 1297 3919 ohannes
1330 3852 1610 3917 Hobson
2031 3848 2335 3915 canonici
2369 3847 2720 3910 Prioratus
2758 3848 2869 3912 Sei

682 3946 923 4010 Frater
952 3943 1289 4006 Robertus
1320 3940 1592 4007 Holden
1964 3856 2000 4021 }
2032 3934 2327 4002 Oswaldi
2356 3934 2439 3997 de
2472 3933 2539 3996 N
2545 3934 2821 3998 ostelles

677 4049 917 4112 Frater
946 4046 1274 4109 Ricardus
1306 4043 1543 4108 Tavell
1579 4043 1954 4108 Canonicus
1985 4042 2325 4126 prioratus
2357 4037 2436 4100 de
2469 4035 2754 4101 Watton

679 4153 923 4216 Frater
953 4152 1246 4214 Thomas
1270 4141 1516 4213 'Marsh
1865 4143 2174 4210 monachi
2206 4142 2554 4228 prioratus
2587 4138 2668 4203 de
2700 4140 2898 4207 Pont.

680 4241 922 4304 Frater
950 4237 990 4301 J
997 4238 1242 4301 acobus
1276 4235 1618 4299 Thwaites
1798 4154 1836 4317 }
