3117 5025
559 370 689 436 304
976 373 1375 440 Benedictio
1409 372 1683 438 Incensi
1714 376 1792 438 in
1824 373 2146 437 Sabbato
2179 372 2466 436 Sancto·

558 557 868 622 ficationc
965 558 1421 644 spiritualium
1509 560 1845 624 virtutum
1937 557 2255 644 fragrans
2330 541 2663 620 ostendat
2723 555 2895 620 odor

559 661 994 726 suavitatem.
1087 662 1234 726 Tua
1272 683 1436 748 ergo
1483 662 1798 745 petimus,
1831 663 2257 747 omnipotens
2301 659 2509 734 Deus,
2542 660 2886 748 immensae

557 764 939 847 majestatis
970 765 1248 830 dextera
1288 766 1463 830 hanc
1509 771 1888 831 creaturam
1921 765 2309 830 benedicere
2351 784 2434 826 ex
2464 763 2882 837 diversarum

556 887 778 932 rerum
824 869 1294 933 commixtione
1340 868 1712 934 confectam
1748 869 2076 955 dignare;
2123 873 2201 932 ut
2245 867 2624 950 ubicunque
2657 867 2886 929 fumus

557 976 930 1036 aromatum
1001 970 1190 1036 illius
1259 969 1614 1049 afflaverit,
1672 973 1742 1036 in
1811 971 2067 1036 virtute
2137 970 2356 1035 sancti
2424 969 2714 1034 nominis
2782 969 2887 1033 tui

557 1073 958 1154 mirabiliter
982 1073 1200 1159 possit
1226 1074 1444 1139 omnis
1469 1074 1959 1139 immundorum
1989 1075 2351 1158 spirituum
2379 1073 2892 1138 fantasmaticos

555 1177 868 1241 incursus
890 1178 1212 1263 effugare,
1231 1198 1597 1262 omnesque
1622 1179 1889 1243 morbos
1913 1177 2179 1243 reddita
2201 1176 2495 1241 sanitate
2520 1175 2886 1258 expellere,

557 1287 759 1364 atque
804 1280 874 1344 in
923 1279 1124 1343 odore
1168 1278 1712 1364 fragrantissimo
1760 1281 1902 1357 tibi,
1946 1280 2252 1356 Domine,
2285 1283 2617 1364 perpetua
2663 1279 2897 1343 suavi--

558 1387 704 1448 tate
736 1381 1064 1447 redolere.
1153 1381 1283 1445 Per
1313 1379 1700 1447 Dominum.

637 1487 815 1545 Alia.

637 1581 921 1646 Domine
974 1578 1163 1646 Deus
1219 1580 1664 1666 omnipotens,
1712 1581 1819 1646 cui
1873 1580 2210 1645 assistunt
2255 1599 2486 1644 omnes
2540 1579 2883 1644 exercitus

549 1683 944 1770 angelorum
976 1704 1124 1747 cum
1157 1690 1471 1760 tremore,
1499 1705 1784 1768 quorum
1818 1684 2110 1749 servitus
2140 1682 2209 1745 in
2242 1688 2516 1748 ventum
2550 1689 2621 1748 et
2652 1684 2878 1769 ignem

525 1787 999 1864 convertitur3
1047 1786 1307 1869 respice
1333 1786 1413 1851 de
1439 1786 1627 1866 coelo,
1650 1807 2051 1871 quaesumus,
2078 1791 2149 1850 et
2178 1786 2572 1850 benedicere
2597 1787 2879 1872 dignare

555 1890 890 1976 propitius
949 1889 1123 1952 hanc
1192 1893 1573 1953 creaturam
1640 1889 1921 1966 incensi,
1982 1895 2061 1954 ut
2127 1889 2427 1954 universi
2495 1890 2882 1953 morborum

557 1993 918 2078 languores
963 1990 1232 2055 odorem
1266 1991 1480 2076 ipsius
1527 1992 1901 2057 sentientes
1931 1991 2264 2078 effugiant
2312 1998 2381 2057 et
2412 1997 2816 2076 separentur
2847 2013 2889 2054 a

556 2096 884 2181 plasmate
917 2100 1034 2158 tuo
1066 2098 1137 2159 et
1166 2094 1251 2159 ab
1298 2095 1609 2159 omnibus
1638 2095 1753 2179 qui
1785 2095 1855 2158 in
1887 2099 1955 2159 te
1998 2094 2342 2159 confidunt
2371 2115 2540 2180 quos
2584 2094 2883 2179 pretioso

558 2196 884 2284 sanguine
929 2196 1091 2260 Filii
1138 2197 1239 2261 tui
1286 2196 1654 2274 redemisti,
1689 2205 1762 2263 et
1804 2219 2141 2284 nunquam
2190 2197 2523 2262 laedantur
2567 2218 2611 2260 a
2654 2217 2886 2261 morsu

558 2300 817 2384 antiqui
853 2299 1210 2385 serpentis.
1301 2300 1432 2365 Per
1462 2300 1745 2365 eundem
1776 2301 2136 2365 Dominum
2170 2305 2499 2365 nostrum.

635 2403 804 2461 Alia.

642 2499 899 2566 Veniat
943 2520 1106 2585 ergo
1153 2500 1580 2586 omnipotens
1623 2501 1831 2578 Deus,
1879 2521 2081 2586 super
2125 2503 2251 2567 hoc
2300 2500 2642 2565 incensum
2684 2498 2876 2586 larga

555 2616 685 2669 tuae
728 2601 1211 2667 benedictionis
1258 2602 1526 2680 infusio,
1573 2604 1907 2688 hujusque
1954 2603 2413 2689 thymiamatis
2461 2602 2877 2667 confectione

556 2706 913 2771 invisibilis
964 2712 1283 2792 regnator
1341 2707 1629 2783 intende,
1691 2714 1769 2773 ut
1818 2708 2339 2791 quotiescunque
2392 2706 2513 2770 tibi
2569 2726 2690 2791 per
2748 2707 2877 2770 hoc

555 2810 821 2875 litatum
854 2809 1075 2885 fuerit,
1107 2814 1178 2873 et
1208 2808 1500 2875 coelestis
1532 2810 1756 2874 odoris
1788 2810 1979 2875 suavi
2019 2809 2491 2878 commixtione
2523 2807 2868 2897 redoleat;

549 2918 618 2978 et
649 2913 715 2975 in
748 2932 1141 2996 quocunque
1172 2911 1319 2976 loco
1353 2912 1649 2976 fidelium
1682 2918 1947 2977 tuorum
1983 2913 2235 2997 aliquid
2268 2934 2347 2976 ex
2381 2913 2584 2995 hujus
2617 2913 2866 2976 sancti-

541 3015 871 3078 ficationis
912 3013 1118 3077 fuerit
1148 3015 1468 3098 mysterio
1500 3015 1948 3099 deportatum,
1982 3015 2270 3101 expulsa
2302 3014 2481 3078 omni
2513 3014 2862 3078 diabolicae

538 3116 795 3180 fraudis
844 3114 1167 3201 nequitia,
1217 3116 1435 3180 virtus
1487 3126 1617 3182 tuae
1680 3123 1923 3182 sanctae
1979 3125 2048 3187 et
2107 3118 2419 3204 gloriosae
2473 3115 2859 3198 majestatis

550 3219 850 3284 assistat.
943 3219 1071 3283 Per
1099 3218 1480 3283 Dominum.
