3117 5025
964 424 1483 490 Benedictioneo
1516 422 1847 488 Diversae.
2436 421 2566 485 339

950 733 1513 800 BENEDICTIO
1557 733 1859 798 PUTEI.

318 915 799 1002 Deprecamnr,
847 918 1154 997 Domine,
1200 920 1625 985 clementiam
1670 919 1952 1004 pietatis
1996 923 2152 995 tuae,
2192 921 2273 982 ut
2314 937 2560 1002 aquam

228 1021 418 1103 putei
450 1022 653 1104 hujus
684 1023 939 1088 coelesti
970 1025 1434 1089 benedictione
1483 1024 1889 1100 sanctifices,
1923 1027 1995 1088 et
2025 1022 2110 1086 ad
2142 1041 2560 1086 communem

233 1122 447 1186 vitam
475 1126 800 1190 concedas
833 1127 1196 1204 salubrem,
1229 1134 1298 1192 et
1329 1128 1432 1193 ita
1462 1149 1547 1191 ex
1580 1149 1660 1191 eo
1692 1129 1931 1212 fugare
1963 1125 2266 1210 digneris
2296 1145 2559 1189 omnem

228 1223 572 1290 diabolicae
625 1229 1023 1294 tentationis
1071 1230 1434 1306 incursum,
1479 1233 1559 1294 ut
1611 1231 1990 1314 quicunque
2044 1249 2127 1291 ex
2177 1249 2257 1291 eo
2309 1228 2555 1291 abhinc

227 1326 540 1393 hauserit
563 1329 916 1408 biberitve,
942 1332 1046 1396 vel
1073 1334 1141 1397 in
1166 1333 1583 1417 quibuslibet
1611 1332 2015 1397 necessariis
2044 1331 2279 1394 usibus
2310 1331 2558 1394 hausta

221 1449 400 1512 aqua
444 1451 611 1495 usus
654 1432 880 1510 fuerit,
928 1435 1143 1500 totius
1190 1436 1465 1500 virtutis
1508 1457 1589 1500 ac
1632 1435 1950 1501 sanitatis
1995 1434 2345 1498 dulcedine
2398 1454 2550 1516 per-

219 1530 509 1609 fruatur,
560 1539 639 1599 ιιι
690 1536 815 1600 tibi
869 1538 1347 1603 sanctificatori
1403 1546 1474 1604 et
1526 1538 1852 1602 salvatori
1908 1537 2202 1602 omnium
2257 1534 2545 1600 Domino

224 1635 487 1719 gratias
518 1657 719 1722 agere
752 1646 1114 1707 mereatur.
1206 1642 1355 1707 Per.

227 1880 561 1948 ORATIO
594 1883 883 1951 SUPER
922 1884 1304 1953 FONTEM
1333 1891 1492 1954 UBI
1537 1890 1881 1976 ALIQUA
1912 1886 2544 1955 NEGLIGENTIA

1096 1991 1669 2058 OONTIGERIT.

308 2172 615 2252 Domine,
667 2181 898 2242 sancte
959 2178 1184 2255 Pater,
1234 2180 1661 2265 omnipotens
1711 2186 1957 2246 aeterne
2006 2178 2213 2256 Deus,
2261 2176 2376 2261 qui
2422 2197 2545 2261 per

217 2278 713 2345 invisibilitatis
771 2286 903 2346 tuae
962 2284 1333 2368 potentiam
1384 2287 1509 2349 has
1558 2306 1770 2369 aquas
1820 2307 1903 2349 ex
1962 2283 2176 2346 nihilo
2236 2282 2543 2346 conditas

222 2382 291 2445 in
324 2383 527 2464 hujus
559 2385 854 2449 materiae
885 2386 1169 2451 formam
1201 2387 1490 2453 visibilis
1534 2389 1900 2475 praebuisti,
1932 2393 2134 2470 atque
2182 2407 2265 2450 ex
2296 2386 2543 2450 abditis

214 2485 803 2572 investigabilibus
837 2509 1198 2554 concavam
1232 2512 1354 2575 per
1383 2492 1612 2576 abyssi
1644 2490 2176 2577 magnitudinem
2196 2488 2542 2574 largitatis

216 2592 349 2652 tuae
380 2591 603 2673 gratia
647 2591 958 2656 humanis
1006 2593 1238 2657 usibus
1283 2594 1536 2659 fluenta
1566 2594 1867 2659 fontibus
1913 2592 2282 2655 influxisti:
2329 2596 2397 2655 te
2438 2593 2540 2655 tui

219 2692 457 2756 famuli
509 2693 849 2778 supplices
892 2715 1267 2772 exoramus,
1310 2698 1411 2761 uti
1458 2698 1584 2761 has
1629 2718 1863 2781 aquaS‚
1905 2715 2072 2779 quas
2124 2693 2543 2779 negligentia

213 2793 480 2878 polluit,
517 2796 749 2859 Sancti
783 2796 1074 2882 Spiritus
1106 2799 1206 2863 tui
1236 2799 1461 2883 gratia
1491 2799 1578 2864 ad
1610 2799 2003 2863 munditiam
2034 2801 2307 2861 revocet
2337 2801 2539 2881 atque

213 2897 544 2980 purificet,
570 2908 641 2962 et
671 2900 953 2984 spiritus
984 2901 1212 2965 callidi
1243 2903 1461 2966 hostis
1487 2904 1827 2980 abscedat,
1851 2922 1928 2967 ac
1956 2901 2267 2984 deinceps
2292 2902 2538 2964 sancti-

207 3001 446 3064 ficatas
470 3001 736 3065 familiae
760 3008 890 3068 tuae
923 3004 1254 3089 potabiles
1288 3005 1566 3080 tribuas,
1592 3012 1668 3070 ut
1697 3004 2080 3091 potantium
2112 3007 2183 3066 et
2211 3002 2535 3068 mundent

218 3123 503 3187 corpora
533 3105 863 3189 cordaque
898 3108 1337 3172 sanctificent.
1425 3110 1574 3173 Per.

302 3206 479 3264 Alia.

305 3300 510 3378 Deus,
544 3304 659 3385 qui
689 3302 774 3366 ad
804 3305 929 3368 hoc
975 3306 1043 3368 in
1074 3306 1116 3370 J
1121 3307 1392 3371 ordanis
1423 3307 1688 3372 alveum
1739 3304 2280 3371 sanctificaturus
2326 3323 2537 3386 aquas

214 3405 732 3482 descendisti,ut
751 3428 793 3471 a
812 3412 879 3472 te
899 3410 1292 3475 munditiam
1314 3411 1540 3496 potius
1561 3415 1879 3494 caperent
1898 3429 2096 3492 quam
2117 3406 2536 3484 mundarent,

215 3508 373 3571 dum
395 3507 479 3571 ad
500 3512 754 3572 tactum
777 3511 950 3574 sacri
971 3513 1268 3596 corporis
1290 3513 1728 3577 sanctificasti
1746 3512 2087 3576 lavacrum
2112 3531 2129 3584 ;
2162 3509 2286 3572 has
2305 3529 2538 3591 aquas,

215 3611 537 3675 influente
588 3611 813 3696 gratia
862 3612 1155 3698 Spiritus
1209 3616 1307 3679 tui
1358 3615 1610 3692 Sancti,
1666 3614 1962 3700 digneris
2011 3613 2095 3677 ad
2142 3611 2538 3675 munditiam

213 3733 532 3777 revocare
592 3735 714 3798 per
772 3714 1015 3778 donum
1070 3717 1186 3800 qui
1237 3718 1307 3779 in
1361 3717 1547 3782 Cana
1601 3717 1877 3782 Galileae
1937 3716 2129 3779 initio
2189 3714 2534 3797 signorum

215 3822 487 3880 tuorum
519 3821 789 3881 ostenso
822 3818 1096 3882 virtutis
1141 3825 1271 3884 tuae
1301 3821 1621 3904 mysterio
1668 3841 1880 3904 aquas
1925 3823 2185 3882 mutare
2216 3816 2538 3900 dignatus

214 3937 291 3980 es
322 3917 394 3979 in
428 3917 676 3994 vinum,
707 3924 779 3983 et
809 3920 983 3985 sicut
1012 3921 1284 3986 Eliseus
1315 3944 1584 3988 amaras
1630 3924 1879 3987 orando
1910 3920 2199 3985 mutavit
2228 3937 2438 4001 aquas
2469 3916 2540 3979 in

211 4024 475 4101 latices,
507 4026 605 4091 ita
635 4027 721 4090 ad
765 4048 1001 4113 preces
1033 4030 1329 4095 fidelium
1361 4032 1628 4102 tuorum
1674 4030 2036 4095 clementer
2066 4029 2420 4110 abstergas
2451 4025 2536 4088 ab

210 4126 321 4191 his
354 4128 545 4211 aquis
577 4128 973 4212 pollutionis
1005 4132 1352 4219 originem.
1442 4134 1590 4200 Per.

386 4475 511 4538 42*
