3117 5025
1129 1274 1759 1357 APPENDIX.

1411 1594 1481 1667 Ι.

396 1801 909 1897 Fraymentum
984 1799 1193 1871 Libri
1266 1797 1716 1892 Pontzflcalis
1781 1800 2047 1895 Roqeri
2112 1799 2198 1870 de
2274 1793 2624 1868 Manival

299 1918 644 2013 Episcopi
673 1914 1248 2005 sarisburiensis,
1287 1912 1379 1987 A.
1417 1915 1509 1986 D.
1543 1913 2383 1990 mcccxv—Moccnm.*

391 2119 451 2181 1.
504 2116 935 2183 Censet-ratio
982 2115 1129 2181 Olei
1174 2115 1619 2192 Infirmorum,
1652 2115 1800 2180 olei
1846 2115 2511 2189 Oatechumenorum,
2559 2117 2629 2176 et

308 2221 733 2288 ChrismatiS.

391 2327 456 2389 2.
504 2325 934 2390 consecratio
966 2316 1343 2410 Virginum'.

393 2429 458 2492 3.
507 2425 939 2493 Consecratio
969 2426 1199 2513 Regis.

388 2532 451 2594 4.
503 2530 933 2596 Consecratio
963 2530 1255 2615 Reginae.

392 2634 454 2697 5.
504 2632 933 2699 Consecratio
963 2632 1296 2718 Episcopi.

390 2736 452 2799 6.
484 2735 968 2800 Inthronizatio
1014 2733 1539 2819 Archiepiseopi,
1572 2734 1837 2819 quando
1876 2734 2022 2819 ipse
2071 2735 2629 2821 Archiepiscopus

301 2837 526 2906 defert
554 2837 834 2923 pallium
863 2860 905 2903 a
936 2838 1091 2904 sede
1122 2838 1445 2902 Romana.

301 3095 341 3130 ³¹*
380 3095 495 3149 'l'he
518 3095 802 3168 following
828 3101 958 3151 note
982 3112 1168 3151 occurs
1192 3111 1263 3149 on
1292 3094 1386 3149 the
1409 3094 1530 3148 first
1552 3093 1680 3149 leaf.

376 3181 547 3236 Hune
582 3182 784 3238 librum
821 3183 1030 3255 legavit
1064 3182 1319 3238 dominus
1355 3181 1598 3252 Rogerue
1632 3182 1700 3237 de
1735 3181 2036 3253 Martivall,
2062 3183 2457 3255 Sarisbyrensis
2492 3184 2627 3255 epis·

299 3286 484 3340 copus,
506 3269 763 3327 Ecclesiae
782 3270 1093 3326 cathedrali
1108 3271 1286 3326 beatae
1307 3268 1503 3325 Mariae
1517 3269 1915 3342 Sarisbyrensi5
1955 3272 2036 3325 ita
2052 3271 2198 3341 quod
2213 3269 2316 3325 loci
2332 3270 2629 3343 episeopus,

300 3357 399 3427 qui
442 3373 541 3427 pro
583 3362 826 3430 tempore
868 3359 1049 3427 fuerit,
1089 3358 1288 3412 babeat
1330 3373 1491 3416 usum
1534 3356 1670 3428 ejus,
1709 3357 1757 3411 si
1792 3357 1953 3412 illum
1998 3359 2197 3413 habere
2238 3357 2500 3425 voluerit;
2543 3360 2631 3413 oui

303 3444 555 3498 tradatur
580 3461 675 3516 per
699 3447 898 3502 bonam
925 3445 1348 3514 memorandam,
1374 3444 1705 3516 proprietate
1739 3444 1914 3516 ipsius
1937 3462 2103 3518 penes
2127 3445 2327 3499 dictam
2353 3444 2631 3499 eeclesiam

303 3540 676 3604 permanente,
717 3540 786 3605 et,
828 3543 1043 3590 mortuo
1079 3534 1329 3605 quolibet
1370 3532 1623 3606 episeopo
1663 3534 1760 3603 qui
1798 3532 1920 3604 ejus
1961 3549 2121 3587 usum
2165 3533 2436 3603 habuerit,
2473 3534 2636 3589 dictae

302 3621 546 3677 ecelesiae
569 3622 807 3679 fideliter
830 3624 1171 3679 restituatur.
