<?xml version="1.0" encoding="UTF-8"?>
<!DOCTYPE html PUBLIC "-//W3C//DTD XHTML 1.0 Transitional//EN"
    "http://www.w3.org/TR/xhtml1/DTD/xhtml1-transitional.dtd">
<html xmlns="http://www.w3.org/1999/xhtml" xml:lang="en" lang="en">
 <head>
  <title>
</title>
<meta http-equiv="Content-Type" content="text/html;charset=utf-8" />
  <meta name='ocr-system' content='tesseract 3.04.00' />
  <meta name='ocr-capabilities' content='ocr_page ocr_carea ocr_par ocr_line ocrx_word'/>
</head>
<body>
  <div class='ocr_page' id='page_1' title='image "./liberpontifical00hendgoog_0377.png"; bbox 0 0 3117 5025; ppageno 0'>
   <div class='ocr_carea' id='block_1_1' title="bbox 870 385 2620 468">
    <p class='ocr_par' dir='ltr' id='par_1_1' title="bbox 870 385 2620 468">
     <span class='ocr_line' id='line_1_1' title="bbox 870 385 2620 468; baseline -0.005 -5"><span class='ocrx_word' id='word_1_1' title='bbox 870 401 957 464; x_wconf 86' lang='lat' dir='ltr'>In</span> <span class='ocrx_word' id='word_1_2' title='bbox 990 403 1444 468; x_wconf 85' lang='lat' dir='ltr'>Dedicatione</span> <span class='ocrx_word' id='word_1_3' title='bbox 1475 402 1809 467; x_wconf 83' lang='lat' dir='ltr'>Basilicae</span> <span class='ocrx_word' id='word_1_4' title='bbox 1840 420 2050 464; x_wconf 80' lang='lat' dir='ltr'>novoe.</span> <span class='ocrx_word' id='word_1_5' title='bbox 2491 385 2620 450; x_wconf 84' lang='lat'>325</span> 
     </span>
    </p>
   </div>
   <div class='ocr_carea' id='block_1_2' title="bbox 660 934 2278 1003">
    <p class='ocr_par' dir='ltr' id='par_1_2' title="bbox 660 934 2278 1003">
     <span class='ocr_line' id='line_1_2' title="bbox 660 934 2278 1003; baseline -0.003 -1"><span class='ocrx_word' id='word_1_6' title='bbox 660 939 766 1003; x_wconf 94' lang='lat' dir='ltr'>IN</span> <span class='ocrx_word' id='word_1_7' title='bbox 812 937 1438 1003; x_wconf 84' lang='lat' dir='ltr'>DEDIOATIONE</span> <span class='ocrx_word' id='word_1_8' title='bbox 1485 935 1928 1001; x_wconf 85' lang='lat' dir='ltr'><strong>BASILIOAE</strong></span> <span class='ocrx_word' id='word_1_9' title='bbox 1976 934 2278 999; x_wconf 90' lang='lat' dir='ltr'>NOVAE.</span> 
     </span>
    </p>
   </div>
   <div class='ocr_carea' id='block_1_3' title="bbox 402 1156 1760 1236">
    <p class='ocr_par' dir='ltr' id='par_1_3' title="bbox 402 1156 1760 1236">
     <span class='ocr_line' id='line_1_3' title="bbox 402 1156 1760 1236; baseline 0 -18"><span class='ocrx_word' id='word_1_10' title='bbox 402 1160 668 1218; x_wconf 85' lang='lat' dir='ltr'>Primum</span> <span class='ocrx_word' id='word_1_11' title='bbox 696 1169 905 1236; x_wconf 79' lang='lat' dir='ltr'>aqatur</span> <span class='ocrx_word' id='word_1_12' title='bbox 933 1160 1151 1218; x_wconf 89' lang='lat' dir='ltr'>litania</span> <span class='ocrx_word' id='word_1_13' title='bbox 1180 1156 1480 1236; x_wconf 83' lang='lat' dir='ltr'>anteferes</span> <span class='ocrx_word' id='word_1_14' title='bbox 1507 1159 1760 1218; x_wconf 83' lang='lat' dir='ltr'>ecclesz‘oe.</span> 
     </span>
    </p>
   </div>
   <div class='ocr_carea' id='block_1_4' title="bbox 393 1253 2638 1438">
    <p class='ocr_par' dir='ltr' id='par_1_4' title="bbox 393 1253 2638 1438">
     <span class='ocr_line' id='line_1_4' title="bbox 393 1253 897 1331; baseline -0.002 -18"><span class='ocrx_word' id='word_1_15' title='bbox 393 1253 666 1331; x_wconf 79' lang='lat' dir='ltr'><strong><em>Sequitur</em></strong></span> <span class='ocrx_word' id='word_1_16' title='bbox 692 1256 897 1312; x_wconf 87' lang='lat' dir='ltr'>oratio.</span> 
     </span>
     <span class='ocr_line' id='line_1_5' title="bbox 404 1348 2638 1438; baseline 0.002 -26"><span class='ocrx_word' id='word_1_17' title='bbox 404 1348 692 1413; x_wconf 90' lang='lat' dir='ltr'>Domum</span> <span class='ocrx_word' id='word_1_18' title='bbox 738 1355 945 1426; x_wconf 74' lang='lat' dir='ltr'>tuam,</span> <span class='ocrx_word' id='word_1_19' title='bbox 977 1350 1284 1426; x_wconf 87' lang='lat' dir='ltr'>Domine,</span> <span class='ocrx_word' id='word_1_20' title='bbox 1316 1370 1718 1434; x_wconf 74' lang='lat' dir='ltr'>quaesumus,</span> <span class='ocrx_word' id='word_1_21' title='bbox 1750 1350 2114 1416; x_wconf 81' lang='lat' dir='ltr'>clementer</span> <span class='ocrx_word' id='word_1_22' title='bbox 2158 1354 2533 1438; x_wconf 79' lang='lat' dir='ltr'>ingredere,</span> <span class='ocrx_word' id='word_1_23' title='bbox 2567 1363 2638 1417; x_wconf 82' lang='lat' dir='ltr'>et.</span> 
     </span>
    </p>
   </div>
   <div class='ocr_carea' id='block_1_5' title="bbox 314 1453 2633 1643">
    <p class='ocr_par' dir='ltr' id='par_1_5' title="bbox 314 1453 2633 1643">
     <span class='ocr_line' id='line_1_6' title="bbox 314 1453 2633 1546; baseline 0.002 -31"><span class='ocrx_word' id='word_1_24' title='bbox 314 1453 384 1515; x_wconf 90' lang='lat' dir='ltr'>in</span> <span class='ocrx_word' id='word_1_25' title='bbox 437 1458 704 1546; x_wconf 76' lang='lat' dir='ltr'>tuorum</span> <span class='ocrx_word' id='word_1_26' title='bbox 758 1455 961 1518; x_wconf 86' lang='lat' dir='ltr'>corda</span> <span class='ocrx_word' id='word_1_27' title='bbox 1004 1453 1303 1517; x_wconf 89' lang='lat' dir='ltr'>fidelium</span> <span class='ocrx_word' id='word_1_28' title='bbox 1359 1458 1752 1537; x_wconf 79' lang='lat' dir='ltr'>perpetuam</span> <span class='ocrx_word' id='word_1_29' title='bbox 1806 1456 2142 1520; x_wconf 76' lang='lat' dir='ltr'>constitue</span> <span class='ocrx_word' id='word_1_30' title='bbox 2197 1458 2633 1531; x_wconf 85' lang='lat' dir='ltr'>mansionem,</span> 
     </span>
     <span class='ocr_line' id='line_1_7' title="bbox 322 1556 2629 1643; baseline 0.001 -25"><span class='ocrx_word' id='word_1_31' title='bbox 322 1561 400 1620; x_wconf 72' lang='lat' dir='ltr'>ut</span> <span class='ocrx_word' id='word_1_32' title='bbox 445 1558 639 1640; x_wconf 86' lang='lat' dir='ltr'>eujus</span> <span class='ocrx_word' id='word_1_33' title='bbox 672 1556 1107 1622; x_wconf 74' lang='lat' dir='ltr'>aedificatione</span> <span class='ocrx_word' id='word_1_34' title='bbox 1155 1556 1487 1634; x_wconf 75' lang='lat' dir='ltr'><strong>subsistit,</strong></span> <span class='ocrx_word' id='word_1_35' title='bbox 1521 1558 1727 1640; x_wconf 89' lang='lat' dir='ltr'>hujus</span> <span class='ocrx_word' id='word_1_36' title='bbox 1757 1557 1876 1621; x_wconf 80' lang='lat' dir='ltr'>fiat</span> <span class='ocrx_word' id='word_1_37' title='bbox 1924 1559 2256 1623; x_wconf 72' lang='lat' dir='ltr'><strong>habitatio</strong></span> <span class='ocrx_word' id='word_1_38' title='bbox 2287 1559 2629 1643; x_wconf 75' lang='lat' dir='ltr'>praeclara.</span> 
     </span>
    </p>
   </div>
   <div class='ocr_carea' id='block_1_6' title="bbox 320 1660 2462 1850">
    <p class='ocr_par' dir='ltr' id='par_1_6' title="bbox 320 1660 2462 1850">
     <span class='ocr_line' id='line_1_8' title="bbox 320 1660 471 1724; baseline -0.013 0"><span class='ocrx_word' id='word_1_39' title='bbox 320 1660 471 1724; x_wconf 85' lang='lat' dir='ltr'>Per.</span> 
     </span>
     <span class='ocr_line' id='line_1_9' title="bbox 406 1761 2462 1850; baseline 0 -25"><span class='ocrx_word' id='word_1_40' title='bbox 406 1765 734 1846; x_wconf 80' lang='lat' dir='ltr'>Sequitur</span> <span class='ocrx_word' id='word_1_41' title='bbox 763 1765 1167 1844; x_wconf 77' lang='lat' dir='ltr'>antiphona.</span> <span class='ocrx_word' id='word_1_42' title='bbox 1260 1761 1505 1826; x_wconf 74' lang='lat' dir='ltr'>Tollite</span> <span class='ocrx_word' id='word_1_43' title='bbox 1538 1769 1773 1848; x_wconf 78' lang='lat' dir='ltr'>portas</span> <span class='ocrx_word' id='word_1_44' title='bbox 1804 1764 2145 1850; x_wconf 81' lang='lat' dir='ltr'>principes</span> <span class='ocrx_word' id='word_1_45' title='bbox 2178 1770 2462 1830; x_wconf 73' lang='lat' dir='ltr'>vestras.</span> 
     </span>
    </p>
   </div>
   <div class='ocr_carea' id='block_1_7' title="bbox 403 1865 1272 2142">
    <p class='ocr_par' dir='ltr' id='par_1_7' title="bbox 403 1865 1272 2142">
     <span class='ocr_line' id='line_1_10' title="bbox 412 1865 1272 1931; baseline 0 -2"><span class='ocrx_word' id='word_1_46' title='bbox 412 1867 531 1930; x_wconf 86' lang='lat' dir='ltr'>Ps.</span> <span class='ocrx_word' id='word_1_47' title='bbox 624 1865 896 1930; x_wconf 90' lang='lat' dir='ltr'><strong>Domini</strong></span> <span class='ocrx_word' id='word_1_48' title='bbox 929 1871 1036 1931; x_wconf 77' lang='lat' dir='ltr'>est,</span> <span class='ocrx_word' id='word_1_49' title='bbox 1064 1870 1272 1930; x_wconf 82' lang='lat' dir='ltr'>terra.</span> 
     </span>
     <span class='ocr_line' id='line_1_11' title="bbox 403 1967 1179 2043; baseline 0 -18"><span class='ocrx_word' id='word_1_50' title='bbox 403 1968 632 2026; x_wconf 79' lang='lat' dir='ltr'>Deinde</span> <span class='ocrx_word' id='word_1_51' title='bbox 654 1969 965 2027; x_wconf 77' lang='lat' dir='ltr'>benedictio</span> <span class='ocrx_word' id='word_1_52' title='bbox 975 1967 1179 2043; x_wconf 88' lang='lat' dir='ltr'>fontis.</span> 
     </span>
     <span class='ocr_line' id='line_1_12' title="bbox 403 2064 977 2142; baseline 0.002 -21"><span class='ocrx_word' id='word_1_53' title='bbox 403 2064 613 2129; x_wconf 83' lang='lat' dir='ltr'>Postea</span> <span class='ocrx_word' id='word_1_54' title='bbox 641 2065 977 2142; x_wconf 74' lang='lat' dir='ltr'>antiphona.</span> 
     </span>
    </p>
   </div>
   <div class='ocr_carea' id='block_1_8' title="bbox 318 2160 2640 2349">
    <p class='ocr_par' dir='ltr' id='par_1_8' title="bbox 318 2160 2640 2349">
     <span class='ocr_line' id='line_1_13' title="bbox 407 2160 2640 2246; baseline -0.001 -22"><span class='ocrx_word' id='word_1_55' title='bbox 407 2160 750 2246; x_wconf 83' lang='lat' dir='ltr'>Asperges</span> <span class='ocrx_word' id='word_1_56' title='bbox 795 2182 923 2237; x_wconf 90' lang='lat' dir='ltr'>me,</span> <span class='ocrx_word' id='word_1_57' title='bbox 971 2160 1280 2235; x_wconf 87' lang='lat' dir='ltr'>Domine,</span> <span class='ocrx_word' id='word_1_58' title='bbox 1312 2160 1605 2245; x_wconf 88' lang='lat' dir='ltr'>hyssopo</span> <span class='ocrx_word' id='word_1_59' title='bbox 1654 2164 1724 2223; x_wconf 73' lang='lat' dir='ltr'>et</span> <span class='ocrx_word' id='word_1_60' title='bbox 1769 2162 2177 2226; x_wconf 89' lang='lat' dir='ltr'>mundabor:</span> <span class='ocrx_word' id='word_1_61' title='bbox 2224 2160 2489 2225; x_wconf 85' lang='lat' dir='ltr'>lavabis</span> <span class='ocrx_word' id='word_1_62' title='bbox 2535 2181 2640 2222; x_wconf 90' lang='lat' dir='ltr'>me</span> 
     </span>
     <span class='ocr_line' id='line_1_14' title="bbox 318 2264 1293 2349; baseline -0.002 -20"><span class='ocrx_word' id='word_1_63' title='bbox 318 2269 389 2329; x_wconf 77' lang='lat' dir='ltr'>et</span> <span class='ocrx_word' id='word_1_64' title='bbox 421 2285 622 2349; x_wconf 89' lang='lat' dir='ltr'>super</span> <span class='ocrx_word' id='word_1_65' title='bbox 652 2264 875 2328; x_wconf 89' lang='lat' dir='ltr'>nivem</span> <span class='ocrx_word' id='word_1_66' title='bbox 907 2264 1293 2328; x_wconf 79' lang='lat' dir='ltr'>dealbabor.</span> 
     </span>
    </p>
   </div>
   <div class='ocr_carea' id='block_1_9' title="bbox 322 2366 2644 2645">
    <p class='ocr_par' dir='ltr' id='par_1_9' title="bbox 322 2366 2644 2645">
     <span class='ocr_line' id='line_1_15' title="bbox 412 2366 1376 2444; baseline -0.001 -14"><span class='ocrx_word' id='word_1_67' title='bbox 412 2369 527 2432; x_wconf 87' lang='lat' dir='ltr'>Ps.</span> <span class='ocrx_word' id='word_1_68' title='bbox 620 2367 951 2432; x_wconf 87' lang='lat' dir='ltr'>Miserere</span> <span class='ocrx_word' id='word_1_69' title='bbox 983 2367 1138 2444; x_wconf 90' lang='lat' dir='ltr'>mei,</span> <span class='ocrx_word' id='word_1_70' title='bbox 1171 2366 1376 2430; x_wconf 90' lang='lat' dir='ltr'>Deus.</span> 
     </span>
     <span class='ocr_line' id='line_1_16' title="bbox 403 2470 2635 2549; baseline -0.001 -21"><span class='ocrx_word' id='word_1_71' title='bbox 403 2470 664 2530; x_wconf 82' lang='lat' dir='ltr'>Ecclesia</span> <span class='ocrx_word' id='word_1_72' title='bbox 693 2492 905 2549; x_wconf 88' lang='lat' dir='ltr'>quoque</span> <span class='ocrx_word' id='word_1_73' title='bbox 947 2478 1286 2549; x_wconf 79' lang='lat' dir='ltr'>asperqatur</span> <span class='ocrx_word' id='word_1_74' title='bbox 1312 2477 1398 2529; x_wconf 87' lang='lat' dir='ltr'>ter</span> <span class='ocrx_word' id='word_1_75' title='bbox 1437 2471 1615 2542; x_wconf 87' lang='lat' dir='ltr'>intus,</span> <span class='ocrx_word' id='word_1_76' title='bbox 1631 2470 1802 2547; x_wconf 83' lang='lat' dir='ltr'>foras</span> <span class='ocrx_word' id='word_1_77' title='bbox 1843 2471 2028 2543; x_wconf 84' lang='lat' dir='ltr'>semel,</span> <span class='ocrx_word' id='word_1_78' title='bbox 2062 2472 2351 2549; x_wconf 87' lang='lat' dir='ltr'>altareque</span> <span class='ocrx_word' id='word_1_79' title='bbox 2394 2471 2635 2539; x_wconf 86' lang='lat' dir='ltr'>lavetur,</span> 
     </span>
     <span class='ocr_line' id='line_1_17' title="bbox 322 2566 2644 2645; baseline -0.001 -20"><span class='ocrx_word' id='word_1_80' title='bbox 322 2589 389 2626; x_wconf 89' lang='lat' dir='ltr'>ac</span> <span class='ocrx_word' id='word_1_81' title='bbox 417 2589 634 2626; x_wconf 90' lang='lat' dir='ltr'>cornua</span> <span class='ocrx_word' id='word_1_82' title='bbox 663 2570 869 2627; x_wconf 87' lang='lat' dir='ltr'>altaris</span> <span class='ocrx_word' id='word_1_83' title='bbox 896 2588 1120 2627; x_wconf 84' lang='lat' dir='ltr'>sursum</span> <span class='ocrx_word' id='word_1_84' title='bbox 1147 2567 1511 2645; x_wconf 79' lang='lat' dir='ltr'>deorsumque</span> <span class='ocrx_word' id='word_1_85' title='bbox 1540 2568 1832 2627; x_wconf 87' lang='lat' dir='ltr'>liniantur</span> <span class='ocrx_word' id='word_1_86' title='bbox 1857 2569 2160 2627; x_wconf 83' lang='lat' dir='ltr'>chrismate</span> <span class='ocrx_word' id='word_1_87' title='bbox 2184 2577 2394 2639; x_wconf 83' lang='lat' dir='ltr'>sancte,</span> <span class='ocrx_word' id='word_1_88' title='bbox 2427 2566 2644 2626; x_wconf 79' lang='lat' dir='ltr'>dicente</span> 
     </span>
    </p>
   </div>
   <div class='ocr_carea' id='block_1_10' title="bbox 323 2664 1130 2944">
    <p class='ocr_par' dir='ltr' id='par_1_10' title="bbox 323 2664 1130 2944">
     <span class='ocr_line' id='line_1_18' title="bbox 323 2664 600 2740; baseline 0.004 -20"><span class='ocrx_word' id='word_1_89' title='bbox 323 2664 600 2740; x_wconf 84' lang='lat' dir='ltr'>episcop0‚</span> 
     </span>
     <span class='ocr_line' id='line_1_19' title="bbox 417 2760 734 2823; baseline 0 -1"><span class='ocrx_word' id='word_1_90' title='bbox 417 2760 557 2823; x_wconf 87' lang='lat' dir='ltr'>Pax</span> <span class='ocrx_word' id='word_1_91' title='bbox 589 2760 734 2823; x_wconf 78' lang='lat' dir='ltr'>tibi.</span> 
     </span>
     <span class='ocr_line' id='line_1_20' title="bbox 415 2864 1130 2944; baseline 0 -17"><span class='ocrx_word' id='word_1_92' title='bbox 415 2865 895 2944; x_wconf 86' lang='lat' dir='ltr'>Respondente</span> <span class='ocrx_word' id='word_1_93' title='bbox 928 2864 1130 2942; x_wconf 86' lang='lat' dir='ltr'>clero,</span> 
     </span>
    </p>
   </div>
   <div class='ocr_carea' id='block_1_11' title="bbox 412 2967 1988 3149">
    <p class='ocr_par' dir='ltr' id='par_1_11' title="bbox 412 2967 1988 3149">
     <span class='ocr_line' id='line_1_21' title="bbox 413 2967 1142 3050; baseline 0.001 -20"><span class='ocrx_word' id='word_1_94' title='bbox 413 2967 511 3030; x_wconf 73' lang='lat' dir='ltr'>Et</span> <span class='ocrx_word' id='word_1_95' title='bbox 542 2988 691 3030; x_wconf 87' lang='lat' dir='ltr'>cum</span> <span class='ocrx_word' id='word_1_96' title='bbox 726 2967 970 3050; x_wconf 79' lang='lat' dir='ltr'>spiritu</span> <span class='ocrx_word' id='word_1_97' title='bbox 1000 2973 1142 3031; x_wconf 80' lang='lat' dir='ltr'>tuo,</span> 
     </span>
     <span class='ocr_line' id='line_1_22' title="bbox 412 3068 1988 3149; baseline 0.002 -24"><span class='ocrx_word' id='word_1_98' title='bbox 412 3068 498 3126; x_wconf 88' lang='lat' dir='ltr'>Et</span> <span class='ocrx_word' id='word_1_99' title='bbox 524 3089 692 3145; x_wconf 84' lang='lat' dir='ltr'>super</span> <span class='ocrx_word' id='word_1_100' title='bbox 717 3069 888 3127; x_wconf 85' lang='lat' dir='ltr'>illum</span> <span class='ocrx_word' id='word_1_101' title='bbox 917 3070 1255 3148; x_wconf 79' lang='lat' dir='ltr'>thymiama,</span> <span class='ocrx_word' id='word_1_102' title='bbox 1286 3070 1624 3148; x_wconf 78' lang='lat' dir='ltr'>dicaturque</span> <span class='ocrx_word' id='word_1_103' title='bbox 1652 3071 1988 3149; x_wconf 78' lang='lat' dir='ltr'>antiphona.</span> 
     </span>
    </p>
   </div>
   <div class='ocr_carea' id='block_1_12' title="bbox 416 3164 1337 3356">
    <p class='ocr_par' dir='ltr' id='par_1_12' title="bbox 416 3164 1337 3356">
     <span class='ocr_line' id='line_1_23' title="bbox 418 3164 1195 3240; baseline 0.001 -13"><span class='ocrx_word' id='word_1_104' title='bbox 418 3164 686 3228; x_wconf 72' lang='lat' dir='ltr'>Altaria</span> <span class='ocrx_word' id='word_1_105' title='bbox 714 3169 855 3240; x_wconf 76' lang='lat' dir='ltr'>tua,</span> <span class='ocrx_word' id='word_1_106' title='bbox 888 3164 1195 3229; x_wconf 88' lang='lat' dir='ltr'>Domine.</span> 
     </span>
     <span class='ocr_line' id='line_1_24' title="bbox 416 3267 1337 3356; baseline 0.003 -26"><span class='ocrx_word' id='word_1_107' title='bbox 416 3269 533 3331; x_wconf 83' lang='lat' dir='ltr'>Ps.</span> <span class='ocrx_word' id='word_1_108' title='bbox 626 3267 822 3332; x_wconf 83' lang='lat' dir='ltr'>Beati</span> <span class='ocrx_word' id='word_1_109' title='bbox 854 3270 968 3356; x_wconf 81' lang='lat' dir='ltr'>qui</span> <span class='ocrx_word' id='word_1_110' title='bbox 1000 3270 1337 3335; x_wconf 75' lang='lat' dir='ltr'>habitant.</span> 
     </span>
    </p>
   </div>
   <div class='ocr_carea' id='block_1_13' title="bbox 414 3369 2418 3543">
    <p class='ocr_par' dir='ltr' id='par_1_13' title="bbox 414 3369 2418 3543">
     <span class='ocr_line' id='line_1_25' title="bbox 415 3369 2418 3452; baseline 0 -25"><span class='ocrx_word' id='word_1_111' title='bbox 415 3371 786 3448; x_wconf 77' lang='lat' dir='ltr'>Anqulosque</span> <span class='ocrx_word' id='word_1_112' title='bbox 813 3373 1054 3431; x_wconf 84' lang='lat' dir='ltr'>ecclesiae</span> <span class='ocrx_word' id='word_1_113' title='bbox 1082 3382 1133 3431; x_wconf 90' lang='lat' dir='ltr'>et</span> <span class='ocrx_word' id='word_1_114' title='bbox 1152 3382 1339 3452; x_wconf 86' lang='lat' dir='ltr'>postes</span> <span class='ocrx_word' id='word_1_115' title='bbox 1368 3374 1577 3432; x_wconf 81' lang='lat' dir='ltr'>ostium</span> <span class='ocrx_word' id='word_1_116' title='bbox 1605 3373 1801 3431; x_wconf 81' lang='lat' dir='ltr'>eadem</span> <span class='ocrx_word' id='word_1_117' title='bbox 1828 3371 2092 3430; x_wconf 84' lang='lat' dir='ltr'>unctione</span> <span class='ocrx_word' id='word_1_118' title='bbox 2122 3369 2418 3427; x_wconf 89' lang='lat' dir='ltr'>linientur.</span> 
     </span>
     <span class='ocr_line' id='line_1_26' title="bbox 414 3465 1047 3543; baseline 0.002 -18"><span class='ocrx_word' id='word_1_119' title='bbox 414 3465 687 3542; x_wconf 81' lang='lat' dir='ltr'>Sequitur</span> <span class='ocrx_word' id='word_1_120' title='bbox 712 3467 1047 3543; x_wconf 79' lang='lat' dir='ltr'>antiphona.</span> 
     </span>
    </p>
   </div>
   <div class='ocr_carea' id='block_1_14' title="bbox 314 3560 2580 3740">
    <p class='ocr_par' dir='ltr' id='par_1_14' title="bbox 314 3560 2580 3740">
     <span class='ocr_line' id='line_1_27' title="bbox 314 3560 1581 3655; baseline 0.003 -31"><span class='ocrx_word' id='word_1_121' title='bbox 314 3651 317 3655; x_wconf 10' lang='grc' dir='ltr'><strong>Δ</strong></span> <span class='ocrx_word' id='word_1_122' title='bbox 420 3560 637 3625; x_wconf 79' lang='lat' dir='ltr'>Unxit</span> <span class='ocrx_word' id='word_1_123' title='bbox 667 3565 736 3623; x_wconf 76' lang='lat' dir='ltr'>te</span> <span class='ocrx_word' id='word_1_124' title='bbox 769 3560 1099 3627; x_wconf 90' lang='lat' dir='ltr'>Dominus</span> <span class='ocrx_word' id='word_1_125' title='bbox 1132 3563 1281 3627; x_wconf 94' lang='lat' dir='ltr'>oleo</span> <span class='ocrx_word' id='word_1_126' title='bbox 1313 3562 1581 3629; x_wconf 71' lang='lat' dir='ltr'>laetitiae.</span> 
     </span>
     <span class='ocr_line' id='line_1_28' title="bbox 416 3659 2580 3740; baseline -0.002 -18"><span class='ocrx_word' id='word_1_127' title='bbox 416 3663 621 3722; x_wconf 84' lang='lat' dir='ltr'>Postea</span> <span class='ocrx_word' id='word_1_128' title='bbox 638 3662 898 3739; x_wconf 79' lang='lat' dir='ltr'>pontifex</span> <span class='ocrx_word' id='word_1_129' title='bbox 923 3664 1281 3723; x_wconf 71' lang='lat' dir='ltr'>sollemnibus</span> <span class='ocrx_word' id='word_1_130' title='bbox 1308 3666 1548 3723; x_wconf 81' lang='lat' dir='ltr'>vestibus</span> <span class='ocrx_word' id='word_1_131' title='bbox 1577 3665 1867 3733; x_wconf 88' lang='lat' dir='ltr'>induitur,</span> <span class='ocrx_word' id='word_1_132' title='bbox 1894 3661 2194 3740; x_wconf 87' lang='lat' dir='ltr'>procedens</span> <span class='ocrx_word' id='word_1_133' title='bbox 2223 3659 2301 3716; x_wconf 84' lang='lat' dir='ltr'>acl</span> <span class='ocrx_word' id='word_1_134' title='bbox 2327 3660 2580 3718; x_wconf 80' lang='lat' dir='ltr'>missam.</span> 
     </span>
    </p>
   </div>
   <div class='ocr_carea' id='block_1_15' title="bbox 420 3755 2333 3946">
    <p class='ocr_par' dir='ltr' id='par_1_15' title="bbox 420 3755 2333 3946">
     <span class='ocr_line' id='line_1_29' title="bbox 420 3755 2333 3841; baseline -0.002 -21"><span class='ocrx_word' id='word_1_135' title='bbox 420 3759 547 3820; x_wconf 77' lang='lat' dir='ltr'>Ad</span> <span class='ocrx_word' id='word_1_136' title='bbox 574 3758 972 3821; x_wconf 82' lang='lat' dir='ltr'>Introitum.</span> <span class='ocrx_word' id='word_1_137' title='bbox 1063 3761 1500 3841; x_wconf 81' lang='lat' dir='ltr'>Antiphona.</span> <span class='ocrx_word' id='word_1_138' title='bbox 1591 3757 1952 3824; x_wconf 86' lang='lat' dir='ltr'>Terribilis</span> <span class='ocrx_word' id='word_1_139' title='bbox 1986 3763 2092 3821; x_wconf 79' lang='lat' dir='ltr'>est</span> <span class='ocrx_word' id='word_1_140' title='bbox 2121 3755 2333 3820; x_wconf 87' lang='lat' dir='ltr'>locus.</span> 
     </span>
     <span class='ocr_line' id='line_1_30' title="bbox 423 3858 1683 3946; baseline 0.002 -24"><span class='ocrx_word' id='word_1_141' title='bbox 423 3860 540 3923; x_wconf 86' lang='lat' dir='ltr'>Ps.</span> <span class='ocrx_word' id='word_1_142' title='bbox 629 3858 960 3923; x_wconf 88' lang='lat' dir='ltr'>Dominus</span> <span class='ocrx_word' id='word_1_143' title='bbox 990 3863 1323 3946; x_wconf 78' lang='lat' dir='ltr'>regnavit,</span> <span class='ocrx_word' id='word_1_144' title='bbox 1357 3863 1683 3927; x_wconf 87' lang='lat' dir='ltr'>decorem.</span> 
     </span>
    </p>
   </div>
   <div class='ocr_carea' id='block_1_16' title="bbox 422 3963 2658 4150">
    <p class='ocr_par' dir='ltr' id='par_1_16' title="bbox 422 3963 2658 4150">
     <span class='ocr_line' id='line_1_31' title="bbox 429 3963 1279 4030; baseline 0.002 -2"><span class='ocrx_word' id='word_1_145' title='bbox 429 3963 663 4028; x_wconf 84' lang='lat' dir='ltr'>Gloria</span> <span class='ocrx_word' id='word_1_146' title='bbox 685 3963 762 4026; x_wconf 78' lang='lat' dir='ltr'>&#39;in</span> <span class='ocrx_word' id='word_1_147' title='bbox 794 3964 1082 4029; x_wconf 88' lang='lat' dir='ltr'>excelsis</span> <span class='ocrx_word' id='word_1_148' title='bbox 1113 3966 1279 4030; x_wconf 90' lang='lat' dir='ltr'>Deo.</span> 
     </span>
     <span class='ocr_line' id='line_1_32' title="bbox 422 4062 2658 4150; baseline -0.004 -19"><span class='ocrx_word' id='word_1_149' title='bbox 422 4067 629 4142; x_wconf 79' lang='lat' dir='ltr'>Deu‘s,</span> <span class='ocrx_word' id='word_1_150' title='bbox 678 4066 793 4150; x_wconf 90' lang='lat' dir='ltr'>qui</span> <span class='ocrx_word' id='word_1_151' title='bbox 847 4070 1327 4134; x_wconf 86' lang='lat' dir='ltr'>sacrandorum</span> <span class='ocrx_word' id='word_1_152' title='bbox 1382 4070 1507 4134; x_wconf 78' lang='lat' dir='ltr'>tibi</span> <span class='ocrx_word' id='word_1_153' title='bbox 1560 4073 1797 4133; x_wconf 75' lang='lat' dir='ltr'>auctor</span> <span class='ocrx_word' id='word_1_154' title='bbox 1849 4087 1922 4132; x_wconf 91' lang='lat' dir='ltr'>es</span> <span class='ocrx_word' id='word_1_155' title='bbox 1976 4084 2348 4139; x_wconf 88' lang='lat' dir='ltr'>munerum,</span> <span class='ocrx_word' id='word_1_156' title='bbox 2395 4062 2658 4125; x_wconf 86' lang='lat' dir='ltr'>effunde</span> 
     </span>
    </p>
   </div>
   <div class='ocr_carea' id='block_1_17' title="bbox 339 4167 2658 4353">
    <p class='ocr_par' dir='ltr' id='par_1_17' title="bbox 339 4167 2658 4353">
     <span class='ocr_line' id='line_1_33' title="bbox 339 4167 2658 4258; baseline -0.005 -20"><span class='ocrx_word' id='word_1_157' title='bbox 339 4192 542 4258; x_wconf 87' lang='lat' dir='ltr'>super</span> <span class='ocrx_word' id='word_1_158' title='bbox 601 4173 776 4234; x_wconf 87' lang='lat' dir='ltr'>hanc</span> <span class='ocrx_word' id='word_1_159' title='bbox 837 4174 1162 4238; x_wconf 76' lang='lat' dir='ltr'>orationis</span> <span class='ocrx_word' id='word_1_160' title='bbox 1229 4175 1500 4239; x_wconf 90' lang='lat' dir='ltr'>domum</span> <span class='ocrx_word' id='word_1_161' title='bbox 1561 4172 2097 4237; x_wconf 77' lang='lat' dir='ltr'>benedictionem</span> <span class='ocrx_word' id='word_1_162' title='bbox 2165 4174 2375 4243; x_wconf 73' lang='lat' dir='ltr'>tuam,</span> <span class='ocrx_word' id='word_1_163' title='bbox 2435 4170 2513 4230; x_wconf 78' lang='lat' dir='ltr'>ut</span> <span class='ocrx_word' id='word_1_164' title='bbox 2572 4167 2658 4228; x_wconf 86' lang='lat' dir='ltr'>ab</span> 
     </span>
     <span class='ocr_line' id='line_1_34' title="bbox 342 4267 2658 4353; baseline -0.004 -14"><span class='ocrx_word' id='word_1_165' title='bbox 342 4276 648 4340; x_wconf 90' lang='lat' dir='ltr'>omnibus</span> <span class='ocrx_word' id='word_1_166' title='bbox 694 4276 803 4341; x_wconf 88' lang='lat' dir='ltr'>hic</span> <span class='ocrx_word' id='word_1_167' title='bbox 834 4276 1305 4344; x_wconf 78' lang='lat' dir='ltr'>invocantibus</span> <span class='ocrx_word' id='word_1_168' title='bbox 1350 4299 1593 4343; x_wconf 86' lang='lat' dir='ltr'>nomen</span> <span class='ocrx_word' id='word_1_169' title='bbox 1629 4282 1845 4353; x_wconf 77' lang='lat' dir='ltr'>tuum,</span> <span class='ocrx_word' id='word_1_170' title='bbox 1877 4270 2290 4339; x_wconf 83' lang='lat' dir='ltr'>defensionis</span> <span class='ocrx_word' id='word_1_171' title='bbox 2335 4267 2658 4334; x_wconf 85' lang='lat' dir='ltr'>auxilium</span> 
     </span>
    </p>
   </div>
   <div class='ocr_carea' id='block_1_18' title="bbox 347 4380 942 4445">
    <p class='ocr_par' dir='ltr' id='par_1_18' title="bbox 347 4380 942 4445">
     <span class='ocr_line' id='line_1_35' title="bbox 347 4380 942 4445; baseline 0 -2"><span class='ocrx_word' id='word_1_172' title='bbox 347 4381 701 4445; x_wconf 81' lang='lat' dir='ltr'>sentiatur.</span> <span class='ocrx_word' id='word_1_173' title='bbox 794 4380 942 4445; x_wconf 90' lang='lat' dir='ltr'>Per.</span> 
     </span>
    </p>
   </div>
  </div>
 </body>
</html>
