3117 5025
508 469 592 532 84
1073 470 1257 534 Ordo
1291 469 1335 531 I
1332 468 1704 533 ncludendi
1732 467 2105 530 Famulam
2134 467 2285 530 Dei.

611 640 689 703 V.
778 639 981 705 Mitte
1013 640 1097 717 ei,
1126 640 1427 717 Domine,
1460 639 1781 704 auxilium
1814 638 1896 702 de
1929 642 2179 702 sancto.

613 743 692 806 V.
779 741 949 806 Esto
978 743 1060 819 ei,
1091 742 1393 820 Domine,
1425 743 1637 807 turris
1667 741 2102 806 fortitudinis.

563 859 570 865 ·
613 846 690 908 V.
778 844 1080 922 Domine,
1113 845 1373 909 exaudi.

617 948 695 1010 V.
782 945 1108 1010 Dominus
1139 946 1500 1011 vobiscum.

600 1050 806 1124 Deus,
837 1048 952 1130 qui
982 1047 1282 1111 caritatis
1312 1048 1485 1111 dona
1514 1068 1636 1131 per
1663 1046 1951 1132 gratiam
1983 1045 2206 1111 Sancti
2254 1044 2541 1130 Spiritus
2570 1047 2844 1108 tuorum

517 1151 824 1215 cordibus
854 1149 1149 1213 fidelium
1181 1149 1493 1225 infundis,
1525 1149 1612 1213 da
1642 1149 1897 1214 ancillae
1927 1154 2056 1213 tuae
2085 1169 2206 1233 pro
2236 1170 2369 1231 qua
2397 1151 2582 1212 tuam
2609 1146 2847 1231 depre-

517 1274 746 1319 camur
804 1253 1223 1317 clementiam
1284 1253 1571 1317 salutem
1628 1254 1873 1318 mentis
1933 1257 2004 1317 et
2061 1252 2377 1336 corporis,
2434 1257 2511 1315 ut
2568 1255 2637 1314 te
2697 1254 2849 1321 tota

521 1357 770 1421 virtute
804 1355 1045 1440 diligat
1067 1358 1137 1419 et
1167 1376 1311 1438 quse
1341 1356 1467 1420 tibi
1497 1355 1749 1439 placita
1783 1361 1941 1419 sunt
1961 1358 2109 1419 tota
2137 1354 2490 1424 dilectione
2520 1352 2849 1437 perficiat.

523 1459 654 1522 Per
685 1456 1025 1521 Christum
1055 1457 1432 1521 Dominum.

609 1559 973 1636 Praetende,
997 1579 1395 1641 quaesumus,
1419 1558 1724 1635 Domine,
1748 1556 2013 1622 famulae
2042 1562 2172 1622 tuae
2196 1558 2537 1622 dexteram
2560 1554 2850 1620 coelestis

524 1661 779 1736 auxilii,
811 1664 888 1724 ut
916 1664 983 1723 te
1029 1663 1173 1723 toto
1206 1660 1402 1724 corde
1431 1661 1780 1744 perquirat
1810 1666 1879 1724 et
1922 1681 2065 1743 quae
2096 1661 2293 1745 digne
2337 1658 2639 1745 postulat
2666 1678 2855 1723 asse-

526 1768 791 1847 quatur.
878 1762 1009 1826 Per
1039 1760 1401 1827 Christum.

621 1866 885 1929 oratic.
973 1864 1249 1941 Adesto,
1282 1884 1683 1947 quaesumus,
1730 1864 2149 1950 omnipotens
2178 1863 2384 1940 Deus,
2412 1862 2677 1928 famulae
2718 1866 2855 1928 tuae

525 1968 608 2032 de
652 1973 773 2031 tua
816 1966 1267 2031 misericordia
1311 1968 1687 2044 confidenti,
1721 1989 1997 2051 eamque
2041 1973 2162 2032 tua
2204 1967 2657 2032 misericordia
2700 1986 2855 2031 cus-

528 2069 705 2146 todi;
751 2073 831 2133 ut
859 2091 902 2134 a
930 2070 1188 2133 cunctis
1212 2070 1731 2134 adversitatibus
1763 2068 2068 2147 liberata,
2092 2068 2568 2135 benedictionis
2596 2073 2860 2134 aeternae

526 2172 731 2257 digna
759 2172 1156 2237 inveniatur.
1244 2173 1374 2237 Per
1402 2172 1779 2236 Dominum.
2563 2188 2568 2193 ’

611 2274 853 2332 Finita=
866 2274 1058 2347 missa,
1086 2282 1136 2332 et
1175 2274 1439 2333 ordinata
1468 2275 1835 2353 processione,
1866 2273 2155 2351 incipiant
2193 2272 2462 2330 litaniam
2487 2292 2612 2350 quae
2637 2271 2860 2331 dicitur

530 2371 599 2428 in
630 2368 868 2428 Sabbato
907 2367 1163 2441 Paschae,
1195 2377 1245 2427 et
1271 2371 1401 2447 ipsa
1440 2368 1784 2427 includenda
1799 2375 2004 2446 perqat
2042 2368 2192 2425 inter
2217 2367 2345 2424 illos
2382 2374 2612 2445 portans
2637 2386 2859 2425 cereum

533 2464 819 2523 ardentem
844 2464 911 2522 in
930 2484 1126 2522 manu.
1217 2466 1367 2524 Cum
1388 2472 1577 2523 autem
1602 2465 1852 2523 venerint
1879 2463 1958 2522 ad
1973 2470 2206 2541 portam
2233 2462 2399 2533 cellae,
2408 2463 2590 2539 finita
2617 2462 2857 2534 litania,

534 2559 787 2617 sacerdos
815 2558 1058 2617 introeat
1085 2580 1212 2617 cum
1229 2561 1583 2637 processione
1605 2581 1629 2631 ;
1669 2560 1836 2617 ceteri
1860 2579 1987 2616 vero
2015 2578 2142 2616 cum
2182 2558 2525 2617 includenda
2534 2558 2689 2636 soris
2713 2559 2853 2629 sint,

531 2676 770 2733 moxque
796 2655 1044 2733 incipiat
1070 2657 1322 2714 sacerdos
1351 2655 1694 2733 asperyendo
1722 2676 1932 2734 aquam
1961 2655 2318 2713 benedictam.

620 2750 962 2833 Asperges
992 2770 1119 2812 me.

625 2851 744 2913 Ps.
835 2850 1161 2913 Miserere
1192 2849 1344 2924 mei,
1375 2849 1579 2914 Deus,

638 2953 715 3016 V.
804 2951 1094 3016 Ostende
1126 2951 1339 3028 nobiS‚
1370 2951 1675 3030 Domine,
1707 2953 2201 3018 misericordias
2232 2958 2405 3018 tuas.

632 3054 893 3118 Oratio.
982 3053 1266 3131 Exaudi,
1298 3053 1602 3133 Domine,
1636 3062 1863 3120 sancte
1904 3056 2127 3132 Pater,
2159 3057 2575 3139 omnipotens
2618 3061 2867 3121 aeterne

541 3156 747 3232 DeuS,
780 3162 851 3220 et
880 3156 1146 3220 mittere
1178 3156 1456 3241 dignare
1491 3165 1801 3222 sanctum
1849 3157 2158 3243 angelum
2190 3164 2379 3222 tuum
2409 3159 2489 3221 de
2521 3158 2722 3237 coelis,
2754 3162 2871 3243 qui

539 3260 892 3338 custodiat,
938 3260 1184 3335 foveat,
1216 3265 1551 3346 protegat,
1586 3261 1823 3326 visitet
1867 3267 1936 3325 et
1979 3261 2294 3325 defendat
2336 3282 2566 3326 omnes
2609 3263 2872 3328 inhabi-

539 3367 765 3427 tantes
796 3362 865 3425 in
897 3363 1020 3426 hoc
1049 3362 1433 3428 habitaculo
1465 3369 1536 3428 et
1564 3364 1634 3427 in
1665 3364 1925 3428 cunctis
1955 3362 2354 3427 habitaculis
2386 3366 2658 3430 nostris.
2744 3367 2880 3431 Per

542 3464 902 3530 Christum.

625 3569 788 3625 Tunc
814 3569 1056 3626 incenset
1083 3568 1337 3626 sacerdos
1365 3568 1548 3626 altare
1577 3576 1628 3626 et
1661 3576 1836 3626 totam
1865 3567 2092 3626 domum
2119 3569 2400 3648 incipiens

632 3667 803 3729 Ant.
890 3663 1195 3739 Domine,
1243 3663 1327 3726 ad
1372 3670 1439 3727 te
1487 3663 1826 3750 dirigatur
1871 3666 2083 3730 oratio
2124 3688 2276 3731 mea
2318 3668 2493 3732 sicut
2532 3668 2879 3734 incensum

540 3768 611 3831 in
644 3773 1002 3851 conspectu
1033 3767 1413 3850 majestatis
1446 3772 1600 3831 tuae.

630 3871 747 3932 Ps.
835 3868 1139 3944 Domine,
1174 3867 1477 3933 clamavi.

635 3975 805 4036 Ant.
892 3970 1065 4034 Ecce
1099 3972 1262 4035 odor
1290 3971 1447 4035 filiae
1478 3992 1639 4036 meae
1672 3972 1847 4037 sicut
1877 3973 2039 4038 odor
2068 3975 2212 4060 agri
2242 3974 2423 4058 pleni
2454 3997 2649 4059 quem
2679 3978 2881 4042 bene-

542 4075 716 4140 dixit
745 4073 1093 4138 Dominus.

633 4181 749 4240 Ps.
839 4176 1070 4239 Lauda
1103 4175 1552 4242 Hierusalem.

651 4280 913 4345 Oratio.
1001 4278 1282 4344 Domine
1332 4287 1583 4358 sancte,
1630 4281 1834 4346 Pater
1874 4280 2181 4360 clemens,
2223 4283 2334 4368 qui
2378 4288 2648 4349 sanctus
2693 4306 2767 4351 es
2812 4292 2888 4352 et

3087 613 3095 726 ᾼΑΑ
3092 447 3094 566 -ᾃ
