3117 5025
921 412 1022 475 De
1061 412 1434 477 Ordinibus
1472 411 1935 497 Conferendis.
2456 409 2585 473 309

881 821 1381 888 ORDINATIO
1424 822 1979 890 EXOROISTAE.

353 1029 681 1101 Exorcisia,
708 1050 836 1088 cum
864 1029 1192 1100 ordinatur,
1226 1029 1478 1106 accipiat
1506 1030 1576 1087 de
1604 1049 1782 1088 manu
1809 1030 2059 1109 episcopi
2088 1029 2358 1100 libellum,
2391 1031 2457 1087 in
2484 1050 2592 1108 quo

262 1124 478 1201 scripti
503 1132 633 1182 sunt
662 1125 977 1196 exorcismi,
1010 1125 1223 1182 dicente
1250 1125 1363 1182 sibi
1389 1145 1642 1203 episcopo
1665 1147 1683 1183 :

352 1220 615 1305 Accipe,
650 1227 719 1286 et
751 1221 1142 1286 commenda,
1176 1222 1531 1297 memoriae,
1566 1229 1635 1286 et
1679 1223 1854 1286 habe
1901 1227 2308 1307 potestatem
2340 1222 2593 1308 impon-

275 1323 429 1387 endi
499 1345 769 1389 manum
849 1345 1055 1408 super
1125 1325 1661 1409 energuminum,
1733 1325 1875 1390 sive
1951 1326 2388 1409 baptizatum,
2459 1326 2600 1390 sive

274 1428 841 1493 catechumenum.
2113 1415 2118 1420 ’

733 1605 736 1608 Α
1119 1531 1397 1604 Praefatio
1426 1533 1729 1591 eaeorcistoe.

357 1627 572 1691 Deum
604 1628 874 1691 Patrem
907 1627 1436 1712 omnipotentem
1470 1628 1806 1713 supplices
1839 1629 2293 1714 deprecamur,
2317 1634 2394 1693 ut
2422 1630 2597 1695 hunc

277 1730 601 1794 famulum
633 1751 823 1793 suum
873 1731 978 1794 iil.
1013 1730 1408 1794 benedicere
1453 1731 1770 1816 dignetur
1817 1732 1887 1794 in
1920 1732 2202 1796 officium
2234 1732 2600 1809 exorcistae,

267 1839 350 1896 ut
382 1833 474 1897 sit
505 1831 833 1917 spiritalis
865 1833 1236 1917 imperator
1268 1833 1354 1897 ad
1385 1833 1798 1917 abjiciendos
1831 1835 2162 1898 daemones
2191 1834 2273 1898 de
2305 1836 2596 1920 corpori-

275 1936 405 1998 bus
438 1935 753 2011 obsessis,
789 1955 941 1998 cum
975 1934 1159 1998 omni
1187 1935 1489 2018 nequitia
1520 1958 1747 2000 eorum
1782 1936 2198 2000 multiformi.
2289 1937 2438 2001 Per.

1119 2036 1459 2095 Benedictio
1486 2038 1750 2114 ejusdem.

368 2131 673 2208 Domine,
707 2137 938 2196 sancte
971 2132 1192 2208 Pater,
1226 2134 1645 2218 omnipotens
1687 2144 1931 2199 aeterne
1976 2134 2181 2211 Beue,
2212 2135 2600 2204 benedicere

270 2234 572 2319 digneris
619 2236 795 2298 hunc
840 2234 1162 2298 famulum
1209 2241 1399 2299 tuum
1448 2237 1548 2299 ill.
1583 2237 1650 2299 in
1699 2238 1910 2301 officio
1958 2237 2328 2313 exorcistae,
2360 2244 2435 2301 ut
2480 2259 2601 2323 per

275 2337 728 2422 impositionis
773 2359 1087 2401 manuum
1143 2343 1214 2402 et
1260 2339 1396 2402 oris
1444 2340 1726 2404 officium
1783 2361 1934 2403 eum
1986 2339 2237 2424 eligere
2283 2341 2598 2424 digneriS,

279 2448 349 2505 et
401 2440 751 2525 imperium
810 2441 1059 2504 habeat·
1123 2441 1479 2525 spirituum
1541 2442 2033 2506 immundorum
2095 2442 2477 2520 coercendO,
2533 2452 2601 2508 et

276 2543 644 2628 probabilis
705 2544 796 2609 sit
847 2544 1147 2607 medicus
1200 2544 1534 2623 Ecclesiae,
1591 2546 1813 2631 gratia
1867 2546 2285 2611 curationum
2346 2546 2597 2613 virtute

280 2648 732 2712 confirmatus.
826 2647 953 2711 Per
985 2648 1284 2713 eundem.
