3117 5025
513 330 643 396 288
1194 337 1322 399 Ad
1354 337 1742 402 Greandum
1772 339 2173 404 Eremitam.

1004 868 1275 917 mmmm
1322 868 1424 917 AD
1471 867 1882 917 GREANDUM
1930 870 2341 920 EREMI'PAM.

587 1049 843 1118 Christi
904 1054 1217 1120 fidelibus
1280 1056 1623 1120 universis
1691 1062 2064 1142 praesentes
2123 1057 2367 1123 literas
2419 1057 2834 1143 inspecturis

494 1153 561 1220 J.
623 1156 696 1221 P.
758 1157 1079 1224 Ecclesiae
1151 1157 1584 1224 Cathedralis
1651 1158 1966 1225 Dunelm.
2038 1161 2330 1226 salutem
2399 1160 2471 1224 in
2536 1160 2832 1227 Domino

503 1259 1001 1344 sempiternam.
1094 1261 1375 1327 Illorum
1422 1263 1758 1327 desiderio
1805 1265 2030 1329 votivo
2077 1264 2618 1329 condescendere
2650 1266 2837 1332 inter

499 1367 727 1428 cetera
756 1364 1029 1449 pietatis
1062 1386 1268 1450 opera
1290 1366 1604 1430 duximus
1634 1366 1778 1430 fore
1810 1367 2243 1452 praecipuum,
2270 1367 2384 1450 qui
2416 1368 2500 1431 ob
2532 1388 2829 1432 amorem

499 1466 733 1550 patriae
779 1467 1074 1533 coelestis
1118 1474 1441 1552 tanquam
1488 1468 1746 1533 milites
1793 1471 2048 1556 egregii
2095 1474 2168 1535 et
2212 1469 2394 1533 omni
2438 1470 2623 1557 digni
2655 1493 2822 1557 prae-

493 1569 689 1633 conio
749 1592 901 1635 cum
956 1573 1153 1637 hoste
1213 1570 1543 1635 invisibili
1596 1592 2034 1657 congressum
2094 1572 2489 1636 certaminis
2542 1574 2830 1658 cupiunt

492 1691 830 1737 exercere.
918 1674 1130 1740 Fama
1162 1674 1509 1740 deferente
1543 1674 1811 1758 vulgari
1837 1694 1959 1759 pro
1991 1695 2151 1738 vero
2185 1675 2613 1758 concepimus
2644 1678 2823 1760 quod

498 1774 771 1858 quidam
823 1775 901 1841 G.
958 1777 1052 1841 M.
1110 1777 1294 1840 inter
1347 1783 1592 1842 caetera
1642 1777 2006 1862 probitatis
2061 1797 2270 1861 opera
2318 1777 2565 1859 quibus
2617 1780 2837 1846 instat

498 1878 819 1962 quotidie,
853 1880 939 1943 ab
971 1879 1250 1963 antiquo
1283 1880 1682 1944 decreverat
1714 1879 1798 1944 ad
1829 1884 2103 1963 portum
2150 1879 2402 1962 quietis
2432 1880 2709 1945 internae
2739 1882 2823 1947 de

496 1982 726 2045 mundi
775 1982 981 2066 hujus
1034 1983 1396 2069 naufragio
1443 1983 1662 2047 nudus
1717 1983 2028 2058 evadere,
2073 1981 2577 2066 fortissimaque
2629 2005 2820 2050 arma

497 2086 856 2149 eremiticae
887 2087 1323 2169 perfectionis
1357 2086 1485 2150 sibi
1518 2107 1895 2162 assumere,
1930 2087 2055 2149 sub
2085 2105 2368 2168 quorum
2396 2088 2819 2169 protectione

497 2208 630 2251 non
664 2188 884 2253 solum
928 2189 1202 2253 hostilis
1234 2189 1534 2252 feritatis
1582 2187 2006 2273 tyrannidem
2051 2207 2123 2251 se
2171 2194 2404 2271 sperat
2433 2210 2830 2274 expugnare

493 2289 801 2366 viriliter,
833 2312 1070 2355 verum
1114 2292 1320 2356 etiam
1350 2292 1553 2354 flores
1599 2289 2197 2375 contemplationis
2230 2312 2365 2355 una
2409 2313 2559 2355 cum
2593 2297 2820 2358 fructu

496 2396 794 2462 honestae
826 2398 1362 2464 conversationis
1397 2399 1519 2462 sub
1552 2398 1788 2461 horum
1831 2397 2142 2482 praesidio
2172 2418 2446 2481 carpere
2478 2400 2690 2484 cupit,
2723 2402 2810 2466 ad

499 2499 709 2584 pedes
767 2500 1036 2567 Domini
1108 2503 1350 2567 sedens
1414 2502 1854 2567 devotissime
1922 2524 2074 2566 cum
2143 2501 2389 2566 Maria.
2506 2503 2818 2570 Instante

487 2605 762 2670 tandem
811 2613 1193 2692 opportuno
1238 2611 1542 2690 tempore
1588 2605 1674 2670 ad
1723 2611 2022 2670 nostram
2056 2605 2346 2669 accessit
2391 2609 2821 2689 praesentiam

492 2710 570 2776 G.
626 2712 967 2796 praefatus,
1020 2711 1373 2796 religionis
1434 2710 1738 2774 habitum
1800 2714 2040 2794 petens
2103 2709 2470 2785 humiliter,
2524 2716 2594 2774 et
2655 2713 2820 2795 quia

491 2814 710 2898 ipsum
774 2837 856 2878 ex
925 2816 1148 2880 relatu
1216 2815 1510 2887 veridico
1578 2814 2093 2898 fide-dignorum
2162 2814 2606 2896 comperimus
2675 2836 2815 2880 suae

490 2919 894 2982 stabilitatis
938 2920 1304 2982 anchoram
1352 2939 1484 2982 non
1518 2917 1589 2980 in
1619 2938 1831 2981 arena
1877 2936 2305 3000 supervacuae
2334 2917 2816 2984 mutabilitatis

489 3021 706 3085 sedin
742 3020 1087 3084 soliditate
1132 3019 1401 3085 stabilis
1434 3020 1766 3104 propositi
1812 3041 1853 3084 a
1893 3020 2008 3081 diu
2052 3020 2435 3104 reposuisse
2480 3021 2812 3102 totaliter,

485 3124 704 3188 eidem
752 3123 830 3187 G.
879 3123 964 3187 ad
1009 3121 1452 3206 multiplicem
1499 3128 1784 3207 rogatus
1831 3122 1937 3185 sui
1982 3142 2391 3205 suorumque
2442 3144 2809 3189 amlcorum

483 3227 903 3305 instantiam,
928 3227 1233 3291 habitum
1279 3225 1688 3289 contulimus
1735 3225 2152 3290 eremiticum
2183 3224 2435 3289 intuitu
2480 3228 2808 3293 caritatis.

482 3335 563 3399 In
607 3335 846 3398 borum
894 3334 1188 3397 omnium
1234 3333 1429 3396 fidem
1478 3337 1550 3396 et
1593 3331 2076 3406 testimonium,
2104 3331 2234 3395 has
2266 3330 2504 3396 literas
2533 3339 2808 3399 nostras

483 3443 612 3508 sibi
646 3442 1130 3518 concessimus,
1166 3439 1376 3525 sigilli
1407 3439 1778 3502 munimine
1810 3438 2192 3501 roboratas.

596 3546 736 3610 Dat
794 3544 1109 3608 Dunelm.
1171 3544 1222 3607 ii
1282 3542 1391 3608 die
1453 3542 1710 3606 mensis
1772 3539 2212 3625 Septembris,
2270 3560 2449 3605 anno
2509 3539 2805 3620 Domini,

479 3648 839 3713 millesimo
868 3650 981 3714 διο.
