3117 5025
1061 394 1461 458 Benedictio
1490 394 1796 478 Reqinoe.
2449 397 2582 460 223

267 594 376 658 sui
422 597 832 663 consortium
866 598 901 635 ⁴⁶
932 597 1223 664 transire
1267 598 1513 677 fecisti,
1544 599 1646 665 ita
1688 599 1861 665 hanc
1903 599 2222 665 famulam
2265 604 2454 666 tuam
2496 600 2587 666 N.

262 698 677 765 humilitatis
749 707 995 766 nostrae
1060 702 1521 767 benedictione
1598 700 1998 767 Christianae
2072 703 2293 787 plebis
2365 703 2592 792 gratia

265 800 516 867 salutis
547 802 633 867 ad
662 803 932 889 dignam
981 802 1469 889 sublimemque
1513 805 1696 890 regis
1727 805 1944 870 nostri
1989 804 2297 891 copulam
2325 806 2589 871 miseri-

263 904 559 969 corditer
580 907 872 971 transire
902 907 1247 984 concedas,
1271 912 1349 972 ut
1376 907 1446 972 in
1476 908 1695 993 regali
1715 907 1964 973 foedere
1995 908 2292 995 conjugii
2325 929 2590 994 semper

259 1025 545 1071 manens
609 1009 870 1095 pudica,
933 1011 1305 1094 proximam
1366 1009 1741 1094 virginitati
1808 1010 2098 1097 palmam
2159 1012 2585 1078 continentiae

266 1107 570 1173 obtinere
602 1115 843 1195 queat3
888 1113 1145 1198 tibique
1176 1112 1319 1178 Deo
1360 1112 1512 1177 vivo
1543 1117 1615 1177 et
1642 1134 1802 1177 vero
1832 1114 1904 1177 in
1949 1114 2257 1180 omnibus
2287 1119 2357 1180 et
2389 1135 2592 1199 super

264 1211 489 1276 omnia
531 1213 793 1298 jugiter
844 1216 1109 1300 placere
1164 1216 1521 1293 desideret,
1573 1221 1643 1281 et
1694 1221 1761 1281 te
1815 1217 2210 1302 inspirante,
2264 1239 2407 1303 quse
2459 1220 2586 1285 tibi

266 1313 521 1398 placita
552 1323 709 1382 sunt
737 1322 883 1383 toto
915 1319 1113 1383 corde
1142 1318 1470 1404 perficiat.
1560 1319 1692 1383 Per
1721 1317 2101 1384 Dominum.

343 1416 497 1475 Item
514 1426 644 1495 post
669 1419 834 1490 hanc,
866 1420 934 1478 in
958 1420 1116 1478 sacri
1140 1420 1250 1479 olei
1274 1420 1535 1479 unctione
1559 1428 1829 1497 sequatur
1854 1421 1970 1479 hoec
1995 1421 2198 1481 oratio,

355 1511 650 1597 Spiritus
717 1514 945 1579 Sancti
1009 1515 1254 1600 gratia,
1317 1513 1725 1579 humilitatis
1791 1520 2037 1580 nostrae
2105 1516 2319 1581 officio
2384 1515 2455 1580 in
2515 1520 2585 1582 te

265 1616 538 1701 copiosa
593 1617 976 1695 descendat,
1031 1623 1107 1683 ut
1165 1619 1343 1683 sicut
1397 1616 1712 1683 manibus
1770 1619 2026 1683 nostris
2083 1618 2378 1705 indignis
2436 1618 2586 1685 oleo

262 1719 597 1784 materiali
627 1720 838 1785 oblita
866 1720 1250 1806 pinguescis
1282 1720 1601 1798 ext-erius,
1624 1721 1727 1785 ita
1756 1719 1905 1803 ejus
1934 1720 2258 1786 invisibili
2290 1722 2583 1807 unguine

254 1822 554 1887 delibuta
642 1822 1048 1907 impinguari
1122 1823 1449 1888 merearis
1535 1822 1844 1900 interius,
1919 1824 2198 1908 ejusque
2293 1824 2582 1909 spiritali

262 1925 577 1989 unctione
629 1926 1118 2009 perfectissime
1174 1945 1436 2010 semper
1487 1925 1766 2002 imbuta,
1821 1930 1891 1990 et
1949 1925 2188 1991 illicita
2247 1926 2583 1993 declinare

262 2032 412 2093 tota
440 2034 665 2093 mente
697 2032 767 2093 et
798 2048 1113 2113 spernere
1142 2028 1364 2092 discas
1397 2048 1518 2092 seu
1562 2028 1816 2105 valeas,
1849 2031 1918 2093 et
1948 2028 2147 2093 utilia
2188 2029 2422 2094 animae
2452 2034 2584 2094 tuse

258 2130 519 2215 jugiter
562 2130 880 2216 cogitare,
926 2136 1183 2216 optare,
1215 2136 1418 2216 atque
1464 2130 1729 2216 operari
1775 2150 2004 2214 queas,
2036 2130 2406 2200 auxiliante
2450 2130 2588 2196 Do-

266 2235 449 2299 mino
478 2240 712 2300 nostro
741 2235 784 2300 J
787 2256 909 2300 esu
939 2233 1234 2300 Christo.
1322 2234 1449 2320 Qui
1482 2256 1630 2299 cum
1661 2233 1805 2299 Deo
1836 2235 2059 2298 Patre.

343 2337 466 2396 Hic
490 2345 743 2413 unyatwr
768 2337 882 2396 oleo
907 2345 1115 2396 sancto·

354 2434 435 2496 In
464 2434 727 2498 nomine
766 2433 990 2499 Patris
1022 2438 1092 2498 et
1134 2433 1291 2498 Filii
1323 2438 1395 2498 et
1439 2432 1731 2519 Spiritus
1775 2430 2002 2496 Sancti
2033 2430 2251 2515 prosit
2293 2429 2418 2496 tibi
2447 2431 2584 2497 heec

264 2538 492 2602 unctio
528 2537 660 2602 olei
689 2538 759 2601 in
803 2539 1122 2603 honorem
1154 2544 1223 2602 et
1268 2536 1838 2602 confirmationem
1881 2539 2198 2600 aeternam
2239 2534 2310 2599 in
2342 2535 2589 2601 saecula

265 2640 676 2705 saeculorum.
762 2641 995 2704 Amen.

381 2743 821 2828 Omnipotens
881 2743 1284 2828 sempiterne
1345 2741 1551 2818 Deus,
1612 2740 1991 2806 affluentem
2061 2739 2384 2824 Spiritum
2447 2745 2579 2805 tuae

260 2846 741 2912 benedictionis
773 2867 975 2931 super
1002 2845 1321 2910 famulam
1351 2850 1539 2909 tuam
1571 2843 1763 2909 nobis
1794 2842 2143 2908 orantibus
2172 2843 2583 2929 propitiatus

261 2950 573 3027 infunde;
619 2955 699 3015 ut
728 2972 869 3035 quae
900 2969 1021 3032 per
1050 2969 1288 3013 manus
1317 2951 1565 3013 nostrae
1597 2945 2087 3030 impositionem
2117 2947 2314 3011 hodie
2343 2947 2582 3033 regina

260 3053 663 3130 instituitur,
697 3051 1225 3118 sanctificatione
1270 3056 1393 3115 tua
1435 3049 1641 3135 digna
1684 3053 1755 3113 et
1798 3048 2015 3114 electa
2057 3054 2468 3133 permaneat,
2500 3052 2583 3115 ut

264 3178 602 3240 nunquam
633 3157 1055 3241 postmodum
1085 3154 1169 3219 de
1199 3158 1320 3219 tua
1348 3152 1574 3239 gratia
1605 3155 1952 3238 separetur
1980 3150 2275 3236 indigna.
2363 3153 2510 3217 Per.

342 3259 468 3319 Hic
494 3261 657 3318 detur
682 3259 949 3318 annulus.
1988 3315 1996 3322 ,

346 3355 592 3439 Accipe
640 3353 961 3419 annulum
1011 3351 1185 3428 fidei,
1237 3347 1653 3436 signaculum
1699 3346 2126 3423 sinceritatis,
2174 3366 2306 3430 quo
2356 3346 2577 3432 possis

261 3478 491 3524 omnes
564 3456 913 3522 haereticas
977 3454 1353 3536 pravitates
1418 3453 1739 3527 devitare,
1806 3454 1876 3515 et
1940 3449 2264 3513 barbaras
2337 3453 2577 3534 gentes

263 3560 516 3624 virtute
545 3559 666 3624 Dei
701 3578 1003 3645 premere
1034 3562 1104 3620 et
1134 3555 1219 3620 ad
1249 3553 1660 3637 agnitionem
1691 3551 2002 3616 veritatis
2033 3550 2381 3615 advocare.

350 3663 555 3740 Deus,
587 3662 779 3745 cujus
811 3665 919 3724 est
961 3660 1179 3724 omnis
1209 3662 1511 3743 potestas
1557 3660 1628 3720 et
1669 3653 1988 3739 dignitas,
2021 3653 2109 3717 da
2150 3651 2416 3717 famulae
2445 3655 2577 3716 tuee

257 3767 348 3832 N.
383 3767 573 3852 signo
601 3770 733 3830 tuae
778 3763 931 3828 fidei
960 3782 1351 3849 prosperum
1393 3780 1526 3824 suee
1569 3757 1919 3843 dignitatis
1965 3757 2296 3832 effectum,
2327 3755 2396 3818 in
2442 3774 2577 3839 qua

258 3874 388 3940 tibi
431 3889 693 3957 semper
729 3870 923 3932 firma
965 3868 1253 3942 maneat,
1285 3863 1543 3947 tibique
1583 3860 1844 3947 jugiter
1884 3859 2150 3946 placere
2196 3858 2576 3924 contendat.

257 3980 412 4044 Per.
461 4078 468 4083 .

250 4170 291 4203 ⁴⁸*
327 4164 441 4220 The
475 4159 784 4218 remainder
810 4157 871 4212 of
902 4156 1014 4211 this
1048 4155 1193 4210 office
1230 4153 1277 4207 is
1312 4151 1478 4206 taken
1503 4149 1645 4204 from
1682 4146 1798 4203 MS.
1837 4147 2085 4204 Tiberius
2127 4146 2191 4202 Β.
2220 4145 2333 4216 viii,
2362 4145 2568 4201 British

248 4253 544 4317 Museum3
582 4248 679 4303 the
714 4242 1004 4301 Pontifical
1028 4242 1092 4299 of
1117 4259 1153 4296 a
1187 4239 1394 4312 Bishop
1428 4237 1491 4294 of
1519 4236 1788 4309 Glaegmv,
1814 4250 1935 4292 saec.
1961 4234 2059 4291 xii.
2083 4232 2222 4290 with
2258 4232 2439 4289 which
2475 4234 2572 4289 the

249 4347 380 4415 part
403 4337 586 4396 which
612 4332 858 4408 precedes
882 4331 931 4386 is
953 4325 1233 4386 identical.
