3117 5025
969 388 1015 449 I
1012 411 1056 451 η
1097 387 1546 453 ordinatione
1581 389 1935 470 Episcopi.
2485 385 2616 448 323

297 610 436 653 non
483 591 904 676 dignitatem.
993 593 1361 658 Proficiant
1414 594 1477 657 ei
1525 594 1801 658 honoris
1855 597 2224 680 augmenta
2275 593 2480 658 etiam
2534 593 2617 657 ad

297 693 716 759 incrementa
772 695 1188 773 meritorum,
1253 702 1332 761 ut
1390 716 1512 779 per
1571 697 1710 761 haec
1774 696 1951 761 sicut
2006 695 2184 779 apud
2245 716 2372 760 nos
2437 716 2613 759 nunc

296 797 701 863 adsciscitur
744 798 814 861 in
862 799 1333 877 sacerdotium,
1367 800 1466 865 ita
1496 800 1676 885 apud
1708 805 1776 864 te
1806 805 2046 884 postea
2076 798 2494 865 adsciscatur
2545 798 2613 861 in

296 920 602 985 regnum.
695 904 824 966 Per
855 902 1236 967 Dominum.

380 1001 535 1061 Item
561 1003 687 1061 alia
724 1006 1105 1063 o'onsecrat-io.

388 1098 575 1164 Deus
634 1101 965 1165 honorum
1020 1100 1335 1178 omnium,
1389 1100 1578 1165 Deus
1631 1104 1930 1165 omnium
1990 1100 2421 1187 dignitatum,
2476 1122 2621 1186 quoe

298 1201 533 1286 gloriae
587 1209 716 1268 tuae
773 1205 985 1269 sacris
1039 1204 1457 1269 famulantur
1507 1204 1874 1280 ordinibuS,
1927 1203 2115 1271 Deus
2166 1205 2284 1289 qui
2336 1206 2620 1289 Moysen

296 1307 624 1370 famulum
685 1314 874 1372 tuum
938 1315 1210 1373 secretae
1269 1308 1760 1373 familiaritatis
1821 1309 2089 1385 affectu,
2151 1309 2332 1373 inter
2389 1316 2617 1373 cetera

296 1410 591 1476 coelestis
643 1411 1044 1477 documenta
1103 1412 1404 1487 culturae,
1463 1413 1547 1476 de
1614 1412 1851 1477 habitu
1912 1433 2176 1495 quoque
2243 1411 2617 1475 indumenti

303 1515 745 1579 sacerdotalis
777 1516 1141 1579 instituens
1173 1514 1461 1581 electum
1492 1517 1743 1593 Aaron,
1774 1516 2055 1599 mystico
2087 1514 2338 1579 amictu
2383 1515 2618 1578 vestiri

295 1619 478 1682 inter
509 1640 701 1684 sacra
736 1619 1028 1702 jussisti,
1062 1624 1140 1686 ut
1169 1619 1635 1704 intelligentiae
1669 1639 1939 1683 sensum
1971 1618 2055 1682 de
2088 1617 2410 1702 exemplis
2440 1617 2617 1702 prio-

300 1742 445 1784 rum
478 1727 749 1806 caperet
781 1728 1097 1786 secutura
1124 1723 1513 1807 posteritas,
1546 1743 1633 1785 ne
1666 1722 1956 1786 eruditio
1989 1721 2302 1785 doctrinae
2333 1725 2463 1784 tuae
2494 1720 2619 1784 ulli

299 1824 568 1889 deesset
590 1826 789 1902 aetati,
817 1846 967 1890 cum
991 1829 1062 1889 et
1084 1825 1262 1911 apud
1288 1832 1553 1890 veteres
1578 1825 2027 1889 reverentiam
2052 1825 2201 1909 ipsa
2226 1825 2616 1908 significati-

302 1949 502 1991 onum
524 1929 780 2013 species
802 1929 1154 2005 obtineret,
1176 1934 1244 1993 et
1264 1929 1438 2013 apud
1461 1949 1582 1992 nos
1602 1928 1893 1992 certiora
1913 1934 2143 1991 essent
2161 1927 2624 2012 experimenta

302 2053 547 2107 rerum,
579 2054 778 2116 quam
812 2032 1170 2116 aenigmata
1200 2031 1590 2117 figurarum.
1682 2029 1882 2094 Illius
1927 2050 2212 2113 namque
2261 2030 2621 2094 sacerdotii

299 2137 657 2200 anterioris
688 2136 964 2201 habitus
1007 2141 1253 2200 nostrae
1286 2137 1533 2199 mentis
1582 2140 1862 2199 ornatus
1894 2136 2020 2209 est,
2054 2137 2123 2196 et
2167 2133 2614 2217 pontificalem

300 2240 588 2325 gloriam
616 2263 747 2305 non
763 2242 908 2324 jam
932 2240 1129 2305 nobis
1153 2241 1368 2303 honor
1391 2238 1813 2304 commendat
1837 2237 2146 2314 vestium,
2170 2238 2284 2301 sed
2311 2237 2625 2322 splendor

303 2345 721 2421 animarum3
767 2345 927 2429 quia
973 2349 1043 2408 et
1087 2343 1211 2406 illa
1260 2365 1403 2427 quae
1458 2348 1620 2407 tunc
1673 2340 2059 2406 carnalibus
2102 2339 2626 2406 blandiebantur

303 2448 673 2523 obtutibus,
699 2468 781 2512 ea
811 2447 1038 2531 potius
1070 2468 1213 2531 quae
1245 2446 1315 2508 in
1340 2446 1509 2533 ipsis
1541 2450 1735 2509 erant
1765 2444 2213 2529 intelligenda
2240 2446 2626 2529 poscebant.

303 2552 397 2616 Et
425 2552 673 2615 idcirco
719 2551 875 2614 huic
921 2550 1175 2616 famulo
1206 2555 1326 2615 tuo
1359 2572 1555 2634 quem
1590 2549 1673 2613 ad
1716 2550 1954 2613 summi
2003 2549 2363 2613 sacerdotii
2394 2549 2626 2622 minis-

298 2658 543 2721 terium
591 2657 882 2741 elegisti,
929 2658 1120 2732 hanc,
1168 2677 1566 2740 quaesumus,
1599 2655 1905 2728 Domine,
1950 2654 2240 2737 gratiam
2281 2654 2621 2739 largiariS,

303 2766 377 2825 ut
409 2760 722 2845 quicquid
754 2760 875 2824 illa
899 2759 1235 2824 velamina
1265 2760 1335 2823 in
1359 2758 1626 2843 fulgore
1651 2759 1822 2833 auri,
1848 2758 1912 2819 in
1949 2757 2167 2820 nitore
2190 2778 2623 2841 gemmarum,

302 2866 372 2927 in
403 2863 779 2929 multimodi
813 2863 1036 2948 operis
1083 2863 1413 2927 varietate
1458 2861 1844 2946 signabant,
1875 2861 2000 2923 hoc
2030 2860 2098 2923 in
2146 2860 2296 2943 ejus
2326 2862 2625 2926 moribus

303 2970 697 3051 actibusque
753 2966 1121 3031 clarescat:
1169 2965 1429 3051 comple
1476 2965 1546 3027 in
1595 2964 1947 3028 sacerdote
2003 2968 2120 3027 tuo
2165 2965 2470 3047 mysterii
2524 2965 2625 3030 tui

302 3093 650 3146 summam,
722 3074 792 3134 et
865 3069 1279 3134 ornamentis
1347 3068 1559 3133 totius
1635 3067 2152 3153 glorificationis
2219 3068 2622 3133 instructum

292 3175 585 3240 coelestis
616 3173 947 3259 unguenti
978 3174 1142 3237 flore
1178 3171 1547 3236 sanctifica.
1639 3170 1815 3247 Hoc,
1850 3171 1887 3209 ²*
1922 3169 2227 3246 Domine,
2254 3172 2519 3255 copiose
2552 3173 2621 3236 in

304 3280 453 3363 ejus
499 3283 700 3363 caput
752 3277 1013 3352 influat,
1055 3277 1183 3340 hoc
1229 3276 1296 3339 in
1346 3275 1484 3339 oris
1531 3275 1841 3357 subjecta
1883 3273 2201 3337 decurrat
2242 3274 2343 3353 ᾧ,
2385 3275 2512 3339 hoc
2556 3276 2626 3340 in

302 3385 516 3450 totius
562 3382 864 3467 corporis
912 3388 1217 3445 extrema
1260 3379 1650 3455 descendat,
1685 3381 1762 3441 ut
1807 3377 1908 3441 tui
1957 3376 2249 3461 Spiritus
2296 3379 2513 3444 virtus
2560 3386 2629 3445 et

303 3489 633 3552 interiora
674 3486 825 3569 ejus
869 3485 1155 3568 repleat,
1188 3489 1259 3548 et
1303 3482 1648 3547 exteriora
1691 3481 2177 3565 circumtegat:
2223 3481 2521 3547 abundet
2563 3484 2633 3546 in
2698 3500 2704 3506 ·

306 3613 384 3656 eo
429 3591 811 3656 constantia
854 3589 1032 3664 fidei,
1064 3589 1328 3672 puritas
1375 3585 1784 3661 dilectionis,
1820 3584 2174 3649 sinceritas
2221 3585 2445 3669 pacis:
2492 3587 2628 3651 sint

306 3695 594 3781 speciosi
623 3714 902 3757 munere
933 3698 1052 3756 tuo
1085 3691 1290 3776 pedes
1325 3692 1473 3773 ejus
1507 3688 1591 3753 ad
1626 3687 2216 3773 evangelizandam
2250 3709 2504 3771 pacem,
2538 3691 2622 3755 ad

306 3796 907 3883 evangelizandum
983 3795 1160 3878 bona
1234 3798 1376 3857 tua.
1465 3791 1574 3856 Da
1647 3791 1730 3866 ei,
1799 3789 2104 3868 Domine,
2177 3791 2626 3857 ministerium

307 3899 875 3967 reconciliationis
936 3898 1005 3960 in
1069 3897 1294 3961 verbis
1358 3900 1429 3959 et
1486 3895 1690 3959 factis
1742 3900 1810 3958 et
1872 3894 2239 3958 virtutibus
2294 3899 2366 3959 et
2417 3896 2634 3981 signis

308 4014 378 4070 et
428 4004 779 4090 prodigiis
873 4002 977 4065 Sit
1038 4021 1257 4064 sermo
1314 3999 1463 4080 ejus
1523 3996 1909 4082 praedicatio
1970 4018 2104 4060 non
2159 3997 2228 4060 in
2288 4000 2629 4081 persuasi-

307 4109 559 4174 bilibus
605 4107 910 4169 humanae
959 4102 1302 4188 sapientiae
1351 4099 1602 4175 verbis,
1639 4100 1753 4162 sed
1800 4100 1869 4163 in
1917 4099 2301 4164 ostensione
2349 4101 2633 4186 spiritus

304 4220 375 4279 et
427 4211 725 4277 virtutis.
813 4208 922 4272 Da
974 4207 1058 4283 ei,
1112 4204 1420 4281 Domine,
1478 4202 1706 4266 claves
1758 4203 1949 4286 regni
2004 4202 2340 4279 coelornm,
2395 4209 2628 4268 utatur

300 4369 332 4400 *
367 4365 437 4418 In
468 4363 730 4497 {argine
805 4360 916 4416 Hic
932 4360 1250 4429 ponendum
1274 4358 1446 4411 oleum
1473 4371 1636 4426 super
1658 4358 1841 4424 caput.

525 4444 563 4497 0
