3117 5025
934 397 1460 462 Benedictioues
1490 397 1970 478 Episcopales.
2481 389 2609 454 189

372 599 456 658 In
482 601 578 659 die
605 601 668 662 S.
698 601 967 661 Andreoe.

380 765 824 884 Omnipotens
883 799 1070 867 Deus
1141 822 1266 867 sua
1325 822 1446 865 vos
1512 792 1980 869 benedictione
2047 799 2437 887 locupletet,
2498 796 2613 895 qui

289 902 562 967 beatum
612 903 947 971 Andream
990 903 1373 992 apostolicae
1419 906 1776 992 dignitatis
1821 906 2151 993 praeconio
2200 903 2609 970 sublimavit.

296 1007 531 1070 Amen.

380 1107 848 1195 Concedatque
902 1113 1090 1177 vobis
1141 1112 1362 1199 ipsum
1416 1113 1668 1179 habere
1720 1114 2234 1179 intercessorem
2279 1111 2351 1176 in
2404 1109 2613 1189 coelis,

289 1211 484 1292 cujus
514 1213 902 1296 praevenitis
934 1214 1108 1279 diem
1143 1215 1622 1282 sollemnitatis
1652 1216 1722 1280 in
1754 1217 1981 1282 terris.
2071 1216 2306 1280 Amen.

378 1313 605 1398 Ipsius
650 1336 912 1400 quoque
956 1318 1343 1383 interventu
1397 1319 1663 1403 queatis
1711 1319 2035 1384 scandere
2080 1316 2223 1382 alta
2274 1313 2613 1392 coelorum,

295 1434 427 1498 quo
457 1417 791 1500 processit
835 1418 1008 1484 idem
1040 1441 1163 1505 per
1205 1421 1425 1486 crucis
1456 1422 1838 1507 passionem
1886 1420 2224 1505 sequendo
2252 1418 2615 1487 Dominum

294 1520 717 1603 magistrum.
809 1523 1045 1587 Amen.

383 1621 571 1705 Quod
601 1623 772 1709 ipse.

370 1844 420 1903 I
417 1867 455 1904 n
463 1844 614 1922 festo
641 1847 829 1906 sancti
855 1847 1113 1908 Nicolai.
1197 1847 1557 1909 Benedictio,

380 2060 589 2138 Deus,
638 2060 754 2145 qui
805 2060 1175 2146 gloriosum
1214 2061 1594 2127 antistitem
1640 2060 1996 2127 Nicolaum
2044 2061 2246 2126 etiam
2293 2061 2363 2124 in
2411 2083 2614 2126 euna-

296 2164 475 2229 bulis
519 2163 844 2249 praevenit
884 2164 1178 2229 mirabili
1227 2166 1614 2243 sanctitate,
1662 2186 1785 2231 vos
1830 2165 2211 2230 sanctificet
2255 2184 2391 2229 suae
2436 2165 2620 2229 inde-

296 2266 583 2331 ficientis
612 2266 849 2352 gratiae
879 2267 1154 2351 pietate.
1245 2268 1482 2332 Amen.

382 2369 474 2434 Et
533 2368 711 2434 sicut
765 2369 910 2454 ipse
969 2373 1129 2455 post
1185 2391 1423 2434 aurum
1491 2390 1628 2433 non
1686 2369 1858 2434 abiit
1917 2369 2032 2435 sed
2100 2367 2407 2454 projecit,
2468 2367 2613 2432 zelo

297 2470 605 2539 salvandi
650 2471 939 2558 virginei
986 2472 1284 2557 pudoris,
1338 2473 1435 2539 sic
1487 2492 1609 2537 vos
1662 2472 1909 2539 efficiat
1958 2471 2377 2539 transeuntis
2425 2472 2613 2536 afflu-

289 2579 487 2641 entiae
561 2580 1052 2660 contemptores
1142 2581 1214 2641 et
1285 2581 1620 2641 amatores
1711 2576 2173 2642 sincerissimae
2247 2575 2603 2641 castitatis.

295 2681 535 2744 Amen.

383 2782 726 2865 Quatenus
751 2780 925 2845 sicut
941 2781 1159 2865 ipsum
1183 2780 1762 2845 innumerabilium
1782 2781 2252 2846 miraculorum
2276 2781 2615 2846 decoravit

292 2885 570 2960 honore,
602 2885 698 2948 sic
727 2903 851 2948 nos
881 2883 1029 2967 ejus
1059 2882 1363 2968 exemplo
1385 2884 1455 2946 in
1486 2890 1722 2949 sancta
1752 2885 2258 2950 conversatione
2291 2883 2610 2960 stabiliat,

292 2988 555 3053 cunctis
585 2986 925 3051 miraculis
955 2985 1237 3071 potiore.
1325 2987 1562 3051 Amen.

376 3173 426 3232 I
420 3195 461 3232 n
494 3173 872 3252 Conceptione
898 3173 1072 3232 beatoe
1097 3171 1317 3231 Mariae
1342 3172 1612 3258 viryinie.
1695 3172 2057 3234 Benedictio,

382 3369 591 3445 Deus,
623 3368 738 3452 qui
781 3368 1282 3453 conceptionem
1325 3366 1636 3455 gloriosae
1666 3369 1950 3455 virginis
1994 3370 2080 3435 ad
2126 3369 2480 3454 Unigeniti
2513 3372 2617 3433 sui

295 3472 776 3558 praeordinavit
847 3471 1285 3557 temporalem
1362 3472 1707 3558 originem,
1775 3475 2088 3539 cordibus
2162 3473 2408 3538 vestris
2484 3494 2618 3538 suae

293 3577 589 3641 radicem
620 3575 880 3640 inserat
906 3575 1227 3661 puritatis
1255 3575 1684 3642 immobilem.
1774 3578 2012 3642 Amen.

381 3680 471 3744 Et
503 3679 677 3743 sicut
710 3677 863 3763 ipsa
903 3683 1227 3762 concepta
1256 3679 1619 3743 secundum
1665 3680 2316 3764 praedestinationem
2350 3684 2518 3759 erat,
2551 3685 2623 3746 et

294 3782 384 3846 ad
430 3779 718 3846 salutem
763 3780 1056 3844 omnium
1102 3781 1433 3845 veraciter
1476 3780 1810 3859 ordinata,
1853 3783 1956 3847 ita
1997 3803 2121 3847 nos
2165 3782 2462 3847 laetificet
2503 3804 2625 3869 per

289 3887 431 3949 haec
462 3881 771 3968 quamvis
798 3888 1062 3947 remota
1091 3882 1335 3948 salutis
1365 3888 1611 3948 vestrae
1640 3885 2027 3969 primordia.
2115 3886 2354 3952 Amen.

385 3986 528 4070 Quo
561 3985 736 4050 sicut
763 3985 834 4049 in
878 3985 1117 4050 matris
1148 3993 1344 4051 utero
1390 4006 1513 4071 per
1542 3987 2096 4053 sanctificationis
2140 3988 2431 4073 gratiam
2463 4010 2620 4054 con-

293 4094 496 4175 cepta
523 4092 650 4164 est,
681 4087 1127 4171 triumphanti
1174 4086 1511 4165 Ecclesiae,
1543 4088 1649 4152 cui
1696 4094 1766 4154 et
1793 4094 1960 4155 nata
2003 4095 2110 4154 est
2138 4092 2618 4175 assumptione,

291 4192 396 4257 sic
427 4211 552 4254 nos
598 4190 853 4253 assumi
886 4189 1027 4253 suis
1072 4190 1382 4274 precibus
1428 4190 1733 4256 obtineat
1760 4190 1828 4254 in
1872 4190 2178 4276 gloriam,
2210 4193 2621 4276 pertransita

291 4295 503 4380 hujus
534 4293 819 4358 miseriae
850 4293 1415 4380 peregrinatione.
1508 4296 1743 4359 Amen.
