3117 5025
802 395 1239 461 Comecratio
1269 395 1525 461 altaris
1557 396 1703 460 sine
1734 394 2080 461 Ecclesia.
2465 395 2586 458 121

1194 633 2045 728 Ε

349 750 562 834 Infra
593 753 1200 839 Septuayesimam.
1247 758 1315 821 in
1375 755 1418 821 J
1422 779 1458 822 e
1488 794 1514 807 -
1546 754 1924 821 ru-sa-lem.

482 916 1336 980 ’m

483 974 1333 1012 —.-——-—

351 1061 474 1123 Pe.
564 1061 909 1148 Exsurgat
964 1063 1066 1128 De
1103 1102 1123 1113 ·
1158 1085 1259 1128 us.

255 1200 417 1241 cum
449 1177 682 1244 Gloria
711 1180 918 1245 Patri.

356 1281 627 1346 Oratio,
717 1283 1151 1366 Majestatem
1197 1290 1406 1362 tuam,
1436 1284 1738 1361 Domine,
1770 1283 2115 1349 humiliter
2159 1284 2589 1369 imploramus

258 1389 342 1446 ut
373 1384 504 1448 hoc
548 1383 786 1460 altare,
820 1398 1022 1450 sacr‘ae
1055 1388 1388 1452 unctionis
1433 1388 1749 1453 libamine
1780 1387 1861 1450 ad
1911 1386 2331 1471 suscipienda
2359 1386 2588 1472 populi

255 1507 548 1554 munera
612 1489 976 1564 inunctum,
1036 1494 1351 1573 potenter
1409 1489 1883 1569 bene-14diccre
1952 1494 2021 1553 et
2082 1489 2582 1575 sanctifflficare

257 1589 586 1675 digneris,
621 1595 690 1654 et
734 1591 907 1674 quod
941 1613 1114 1655 nunc
1146 1613 1188 1655 a
1216 1592 1411 1657 nobis
1457 1593 1749 1678 indignis
1782 1592 1908 1656 sub
1938 1592 2042 1656 tui
2086 1592 2372 1655 nominis
2403 1593 2587 1656 invo-

252 1693 526 1757 catione
577 1693 646 1755 in
694 1694 942 1757 honore
993 1693 1208 1764 sancti
1254 1695 1343 1758 N.
1388 1696 1795 1759 sacrosancti
1843 1694 2224 1759 chrismatis
2273 1694 2583 1760 unctione

256 1805 367 1860 est
415 1795 808 1873 delibutum,
839 1796 1104 1880 placeat
1147 1797 1292 1874 tibi,
1338 1804 1540 1882 atque
1590 1803 1891 1863 sanctum
1939 1798 2153 1863 altare
2199 1804 2471 1864 mancat
2513 1799 2583 1862 in

249 1904 675 1983 perpetuum,
688 1904 757 1963 et
776 1900 1088 1983 quicquid
1107 1900 1418 1985 deinceps
1439 1921 1641 1985 super
1659 1901 1825 1966 illud
1845 1900 2143 1966 oblatum
2164 1908 2583 1966 sacratumve

255 2001 493 2077 fuerit,
523 2001 796 2086 dignum
830 2002 953 2065 tibi
995 2002 1102 2066 fac
1147 2003 1647 2079 holocaustum3
1696 2010 1898 2088 atque
1946 2004 2237 2066 omnium
2268 2004 2376 2068 hic
2422 2005 2582 2068 offe-

252 2103 552 2167 rentium
581 2104 906 2168 sacrificia
928 2126 971 2168 a
998 2110 1066 2168 te
1099 2105 1208 2189 pio
1238 2104 1522 2169 Domino
1556 2106 1837 2190 benigne
1865 2105 2334 2190 suscipiantur,
2362 2111 2428 2171 et
2463 2125 2583 2189 per

256 2226 342 2270 ea
391 2212 814 2289 peccatorum
855 2212 1235 2271 nostrorum
1281 2207 1550 2272 vincula
1595 2207 2049 2284 absolvantur,
2092 2207 2364 2271 maculae
2407 2207 2585 2271 dele-

259 2316 488 2384 an'tur,
521 2309 727 2373 veniae
773 2309 1234 2393 impetrentur,
1280 2310 1513 2395 gratiae
1560 2310 2029 2393 acquirantur3
2077 2316 2410 2392 quatenus
2453 2331 2589 2373 una

257 2431 422 2473 cum·
442 2411 694 2474 sanctis
727 2415 797 2473 et
827 2410 1059 2475 electis
1077 2411 1217 2474 tuis
1247 2410 1454 2475 vitam
1480 2419 1795 2476 aeternam
1818 2410 2156 2495 percipere
2188 2429 2581 2476 mereamur.

257 2515 395 2579 Per
425 2513 800 2578 Dominum.

348 2614 422 2674 Si
459 2615 690 2673 debeant
728 2615 949 2673 recludi
986 2615 1265 2692 reliquiae,
1283 2616 1403 2693 fiat
1437 2615 1584 2673 sicut
1623 2615 1858 2675 habetur
1896 2636 2074 2694 supra
2110 2617 2177 2673 in
2217 2614 2491 2674 Ecclesiae
2530 2625 2581 2675 et

257 2710 496 2769 Altaria
520 2710 913 2768 Dedicatione.
2058 2767 2062 2771 .

342 2804 508 2862 Tunc
532 2805 812 2880 thurificet
837 2812 1011 2862 totum
1037 2805 1234 2878 altare,
1266 2805 1594 2883 incipiendo
1621 2805 1767 2863 hanc
1793 2806 2186 2883 antiphonam.

282 2952 2098 2987 m--m——-

281 3007 300 3019 Β

355 3090 592 3156 Ste--tit
652 3112 737 3155 an
756 3129 782 3140 -
802 3114 885 3178 ge
906 3130 933 3141 -
958 3091 1065 3156 lus
1134 3091 1366 3193 jux-ta
1425 3113 1466 3157 a
1485 3130 1512 3141 -
1532 3113 1676 3156 ram
1739 3090 1992 3176 templi,
2051 3090 2143 3155 ha
2160 3128 2186 3139 -
2206 3090 2373 3155 bens
2429 3091 2582 3154 thu-

258 3227 1976 3384 Q.

253 3398 313 3461 ri
335 3436 362 3447 -
382 3399 470 3463 bu
489 3436 515 3447 -
536 3397 675 3461 lum
723 3420 911 3463 au—re
933 3437 959 3448 -
978 3421 1090 3462 um
1184 3400 1254 3462 in
1305 3420 1534 3464 ma-nu
1604 3421 1684 3462 su
1716 3436 1741 3448 ·
1774 3420 1832 3462 a.

1111 3533 1897 3672 ss—E——J-—bi

348 3709 439 3772 In
474 3718 765 3788 tempore
796 3706 1149 3784 Paschalz',
1182 3705 1268 3769 Al
1289 3744 1314 3756 -
1334 3705 1399 3769 le
1432 3743 1458 3755 ·
1489 3704 1562 3778 lfu
1594 3742 1621 3754 ·
1653 3741 1679 3753 ·
1710 3723 1815 3786 ya.

343 3808 575 3866 Deinde
601 3816 867 3885 sequatur
895 3809 1104 3868 oratic.

347 3905 701 3989 Dirigatur
732 3904 948 3967 oratio
979 3909 1234 3979 nostra,
1267 3921 1666 3985 quaesumus,
1696 3901 2001 3979 Domine,
2036 3898 2210 3965 sicut
2238 3898 2581 3963 incensum

258 4010 328 4072 in
362 4015 721 4091 conspectu
755 4011 892 4083 tuo,
925 4011 994 4070 et
1038 4004 1310 4089 copiosa
1337 4004 1660 4068 beneficia
1689 4004 1797 4068 hic
1845 4003 2266 4067 Christianus
2299 4002 2585 4087 populus

259 4114 701 4193 assequatur3
751 4113 828 4171 ut
857 4110 1232 4193 quicunque
1263 4107 1387 4171 tibi
1417 4107 1487 4169 in
1518 4107 1646 4171 hoc
1676 4106 1878 4172 altari
1913 4106 2240 4171 sacranda
2267 4105 2586 4170 libamina

259 4214 502 4277 devote
556 4210 928 4275 obtulerint
979 4210 1088 4273 vel
1143 4215 1412 4274 sacrata
1465 4210 1902 4294 susceperint,
1958 4217 2029 4274 et
2078 4208 2232 4272 vitae
2287 4206 2584 4270 subsidia

253 4313 605 4399 praesentis
628 4313 963 4396 accipiant
986 4318 1056 4377 et
1072 4311 1537 4377 remissionem
1566 4312 1856 4375 omnium
1882 4314 2306 4397 peccatorum
2332 4308 2590 4394 pariter

436 4417 628 4480 Pont.
662 4416 746 4478 15
783 4435 788 4440 ·
