3117 5025
982 339 1083 403 De
1124 342 1600 408 Celebratione
1637 345 2012 428 Pontificio.
2612 347 2653 410 3

429 501 533 565 Ne
564 507 877 590 projicias
908 532 1011 573 me
1044 533 1085 575 a
1114 513 1282 578 facie
1312 522 1432 580 tua
1457 541 1471 591 ;

509 608 598 673 Et
628 612 933 695 spiritum
964 620 1149 678 tuum
1183 639 1265 680 ne
1298 620 1562 683 auferas
1594 642 1634 683 a
1665 640 1786 681 me.

422 716 643 781 Redde
674 720 838 783 mihi
870 721 1163 788 laetitiam
1199 726 1513 791 salutaris
1543 729 1680 804 tui;

505 820 595 885 Et
626 823 864 906 spiritu
896 826 1241 911 principali
1274 830 1589 893 confirma
1619 852 1742 894 me.

423 922 811 990 Sacerdotes
842 928 939 992 tui
967 929 1327 994 induantur
1348 932 1683 1015 justitiam
1709 956 1723 1005 ;

504 1026 593 1089 Et
623 1030 836 1092 sancti
868 1030 965 1094 tui
997 1031 1355 1097 exsultent.

416 1126 693 1193 Domine
725 1131 908 1197 Deus
939 1134 1278 1211 virtutum,
1311 1142 1620 1200 converte
1653 1157 1773 1199 nos
1800 1160 1814 1213 3

499 1234 589 1298 Et
619 1237 891 1299 ostende
922 1237 1159 1301 faciem
1190 1245 1395 1315 tuam,
1429 1245 1498 1303 et
1530 1239 1696 1303 salvi
1732 1241 1995 1303 erimus,

415 1335 717 1413 Domine,
752 1340 990 1403 exaudi
1022 1340 1380 1405 orationem
1416 1362 1628 1405 meam
1658 1366 1672 1416 ;

501 1439 592 1503 Et
621 1441 867 1505 clamor
895 1464 1082 1505 meus
1113 1443 1196 1506 ad
1226 1448 1294 1506 te
1328 1444 1571 1508 veniat.

413 1541 735 1607 Dominus
770 1546 1138 1622 vobiscum3

499 1645 589 1710 Et
619 1668 765 1709 cum
797 1648 1033 1732 spiritu
1065 1655 1201 1712 tuo.

416 1747 716 1814 Oremus.

423 1852 680 1915 Oratio.
772 1854 988 1918 Aures
1028 1861 1157 1920 tuae
1198 1855 1488 1939 pietatiS,
1532 1855 1879 1919 mitissime
1913 1854 2115 1933 Deus,
2147 1856 2393 1920 inclina
2422 1861 2632 1942 preci-

323 1954 447 2017 bus
479 1956 666 2032 meis,
696 1962 766 2020 et
793 1957 1015 2041 gratia
1047 1958 1269 2028 Sancti
1304 1958 1590 2041 Spiritus
1627 1958 1932 2021 illumina
1972 1979 2084 2021 cor
2112 1979 2349 2032 meum,
2385 1967 2459 2024 ut
2494 1964 2630 2026 tuis

320 2058 654 2140 mysteriis
685 2059 879 2143 digne
911 2059 1291 2124 ministrare
1319 2080 1597 2123 merear.
1687 2061 1814 2122 Per
1845 2058 2179 2123 Christum
2210 2060 2583 2128 Dominum.

406 2161 667 2224 Oratio,
756 2162 1071 2225 Actiones
1129 2167 1413 2237 nostras,
1467 2183 1863 2245 quaesumUS,
1917 2160 2216 2240 Domine,
2272 2165 2625 2247 aspirando

314 2262 615 2345 praeveni,
649 2268 719 2327 et
762 2263 1133 2346 adjuvando
1179 2284 1596 2347 prosequere,
1645 2270 1720 2325 ut
1764 2269 2001 2326 cuncta
2048 2270 2277 2329 nostra
2322 2271 2622 2349 operatio

310 2387 351 2428 a
384 2371 448 2428 te
485 2386 744 2451 semper
774 2367 1066 2450 incipiat,
1101 2371 1172 2431 et
1200 2389 1320 2450 per
1349 2373 1415 2430 te
1448 2372 1662 2450 coepta
1691 2366 1985 2430 finiatur.

388 2470 649 2534 Oratio,
724 2470 859 2534 Fac
882 2491 1007 2547 me,
1039 2490 1283 2555 quaeso,
1307 2469 1509 2547 Deus,
1535 2469 1629 2534 ita
1653 2468 1924 2552 justitia
1948 2466 2152 2543 indui,
2179 2473 2252 2532 ut
2283 2469 2353 2533 in
2378 2468 2620 2537 electo-

310 2593 454 2634 rum
496 2577 753 2636 merear
794 2572 1234 2637 exsultatione
1268 2572 1496 2648 laetari,
1530 2578 1859 2655 quatenus
1891 2575 2133 2634 exutus
2178 2572 2264 2635 ab
2311 2574 2616 2637 omnibus

309 2674 608 2736 sordibus
668 2682 1107 2758 peccatorum,
1170 2675 1574 2739 consortium
1634 2672 1963 2756 adipiscar
2021 2672 2146 2737 tibi
2208 2672 2611 2756 placentium

307 2775 760 2852 sacerdotum;
809 2798 1041 2860 meque
1074 2783 1192 2840 tua
1231 2776 1684 2839 misericordia
1728 2797 1769 2839 a
1813 2774 1995 2837 vitiis
2041 2775 2343 2838 omnibus
2390 2787 2612 2853 exuat,

303 2900 496 2962 quem
564 2886 792 2943 reatus
858 2881 1137 2964 propriae
1212 2878 1623 2943 conscientiae
1690 2884 1947 2961 gravat.
2068 2878 2201 2941 Per
2269 2876 2610 2943 Christum

301 2982 676 3046 Dominum.

388 3153 609 3229 Galiyis
636 3162 686 3211 et
710 3152 992 3211 sandaliis
1027 3153 1324 3231 impositis,
1345 3151 1601 3229 pontifiex
1621 3153 1787 3229 prius
1827 3171 1999 3228 quam
2037 3152 2149 3209 sibi
2189 3153 2458 3210 amictum
2500 3154 2611 3213 im-

290 3256 489 3326 ponat,
512 3257 679 3326 caput
692 3249 949 3326 pectinat,
976 3269 1177 3306 manus
1195 3255 1244 3305 et
1269 3246 1471 3314 faciem
1495 3246 1638 3304 lavet
1657 3267 1680 3312 ‚·
1721 3253 1769 3304 et
1789 3245 1927 3304 dum
1955 3246 2112 3316 lavit,
2140 3246 2295 3303 dicat
2326 3248 2610 3326 episcopus

299 3345 445 3401 hanc
472 3345 794 3402 orationem.

383 3439 657 3524 Largire
712 3439 1015 3503 sensibus
1075 3436 1340 3521 nostris»,
1396 3435 1811 3517 omnipotens
1865 3436 2080 3511 Pater,
2138 3439 2213 3497 ut
2266 3433 2438 3498 sicut
2497 3435 2603 3501 hic

296 3542 653 3606 abluuntur
682 3542 1180 3625 inquinamenta
1211 3559 1540 3613 manuum,
1572 3537 1669 3600 ita
1699 3558 1740 3600 a
1769 3542 1836 3600 te
1883 3537 2281 3599 mundentur
2323 3535 2601 3601 interius

293 3644 692 3728 pollutiones
744 3644 1004 3718 mentis,
1060 3649 1128 3706 et
1175 3647 1432 3705 crescat
1483 3660 1744 3721 semper
1790 3639 1858 3701 in
1916 3638 2108 3702 nobis
2168 3645 2597 3723 augmentum

297 3751 670 3809 sanctarum
704 3746 1046 3809 virtutum.
1136 3745 1263 3807 Per
1294 3742 1652 3807 Christum.

474 3851 548 3911 1*
