3117 5025
1032 412 1556 476 Benedictiones
1588 411 1914 475 Diversae.
2503 410 2629 473 341

827 756 1161 822 ORATIO
1208 755 1332 821 AD
1380 755 2113 822 OAPILLATURAM.

401 943 842 1030 Omnipotens
876 946 1283 1031 sempiterne
1315 946 1523 1022 Deus,
1556 946 1819 1031 respice
1866 947 2200 1033 propitius
2235 966 2439 1032 super
2468 945 2646 1008 hunc

311 1047 643 1112 famulum
677 1054 866 1113 tuum
908 1050 1037 1125 ill„
1071 1071 1269 1133 quem
1306 1048 1390 1113 ad
1423 1069 1662 1112 novam
1701 1050 2024 1113 tondendi
2068 1050 2360 1135 gratiam
2405 1068 2646 1113 vocare

315 1153 641 1237 dignatus
705 1174 799 1230 es,
856 1155 1162 1218 tribuens
1213 1155 1276 1217 ei
1326 1153 1793 1217 remissionem
1850 1154 2143 1217 omnium
2197 1158 2644 1240 peccatorum,

311 1261 516 1340 atque
549 1256 635 1321 ad
667 1257 1037 1321 coelestium
1072 1258 1395 1321 donorum
1432 1258 1784 1340 pervenire
1818 1258 2251 1322 consortium.
2340 1257 2492 1321 Per.

714 1447 1049 1514 ORATIO
1095 1447 1220 1513 AD
1267 1447 1620 1512 BARBAS
1668 1436 2269 1515 TONDENDAS.

406 1636 612 1713 Deus,
676 1637 869 1719 cujus
933 1637 1194 1722 Spiritu
1254 1642 1571 1700 creatura
1631 1638 1848 1701 omnis
1909 1638 2343 1702 incrementis
2404 1637 2643 1702 adulta

320 1740 721 1825 congaudet,
754 1740 998 1804 exaudi
1037 1760 1271 1824 preces
1316 1744 1591 1804 nostras
1638 1761 1840 1824 super
1871 1741 2047 1803 hunc
2078 1739 2405 1804 famulum
2454 1745 2644 1805 tuum

318 1843 429 1906 ill.
470 1842 794 1926 juvenilis
840 1843 1058 1907 aetatis
1089 1842 1328 1906 decore
1376 1842 1715 1906 laetantem
1763 1848 1833 1906 et
1878 1843 2114 1925 primis
2163 1843 2483 1928 auspiciis
2531 1843 2646 1908 ad-

321 1945 767 2020 tondendum3
813 1944 1076 2019 exaudi,
1108 1943 1414 2020 Domine,
1444 1945 1629 2007 utin
1678 1946 1986 2009 omnibus
2033 1946 2472 2030 protectionis
2517 1952 2647 2011 tuae

324 2049 581 2114 auxilio
613 2048 912 2112 munitus
945 2046 1281 2111 coelestem
1314 2047 1845 2111 benedictionem
1877 2048 2166 2132 accipiat
2197 2054 2266 2112 et
2295 2050 2649 2134 praesentis

327 2157 483 2220 vitae
516 2153 844 2241 praesidiis
877 2152 1170 2238 gaudeat
1201 2158 1270 2216 et-
1300 2157 1585 2217 aeternae.
1675 2152 1824 2216 Per.

674 2341 1005 2407 ORATIO
1052 2340 1176 2405 AD
1223 2340 1693 2406 OLERIOUM
1737 2340 2306 2407 FACIENDUM.

446 2531 753 2605 Oremus,
816 2527 1242 2592 dilectissimi
1305 2528 1576 2605 fratres,
1638 2528 2000 2592 Dominum
2061 2535 2367 2593 nostrum
2430 2529 2663 2593 Jesum

336 2637 681 2703 Christum
716 2654 839 2718 pro
884 2614 1011 2697 hoc
1042 2629 1299 2695 famulo
1344 2651 1465 2694 suo
1494 2632 1603 2707 ill,
1638 2631 1752 2714 qui
1785 2634 1868 2696 ad
1917 2632 2374 2715 deponendam
2409 2654 2664 2697 comam

334 2739 578 2825 capitis
634 2737 741 2801 sui
794 2756 916 2820 pro
979 2736 1127 2819 ejus
1183 2754 1409 2797 amore
1458 2734 1782 2809 festinat3
1830 2739 1906 2799 ut
1959 2735 2162 2799 donet
2217 2736 2280 2798 ei
2337 2735 2661 2821 Spiritum

340 2845 680 2917 Sanctum,
714 2840 829 2924 qui
874 2838 1179 2902 habitum
1226 2836 1580 2922 religionis
1611 2837 1681 2899 in
1727 2858 1804 2900 eo
1849 2843 2243 2921 perpetuum
2293 2846 2667 2917 conservet,

338 2953 410 3012 et
453 2968 496 3011 a
524 2943 755 3008 mundi
798 2942 1272 3028 impedimento
1321 2940 1428 3003 vel
1477 2940 1779 3004 saeculari
1827 2942 2156 3006 desiderio
2203 2964 2317 3006 cor
2361 2943 2510 3027 ejus
2554 2946 2664 3009 de-

336 3049 613 3125 fendat3
662 3052 741 3111 ut
772 3047 947 3110 sicut
990 3045 1390 3109 immutatur
1419 3043 1487 3106 in
1533 3043 1750 3119 vultu,
1783 3045 1880 3108 ita
1923 3066 2162 3109 manus
2208 3046 2489 3111 dextera
2519 3050 2668 3133 ejus

339 3154 403 3217 ei
450 3151 730 3216 virtutis
775 3149 1033 3214 tribuat
1078 3148 1518 3222 incrementa,
1552 3152 1624 3211 et
1667 3147 1753 3210 ab
1801 3148 1982 3210 omni
2030 3149 2327 3213 caecitate
2376 3151 2670 3217 humana

341 3255 572 3321 oculos
604 3255 752 3339 ejus
783 3251 1067 3335 aperiat,
1101 3255 1173 3315 et
1202 3250 1428 3313 lumen
1462 3250 1524 3313 ei
1555 3255 1818 3313 aeternae
1847 3250 2082 3334 gratiae
2113 3251 2454 3316 concedat.
2544 3254 2670 3338 Qui

347 3359 540 3422 vivit.

430 3461 600 3517 Alia.

434 3555 713 3630 AdestO,
746 3552 1057 3626 Domine,
1092 3549 1699 3636 supplicationibus
1730 3550 2005 3626 nostris,
2039 3555 2109 3616 et
2139 3553 2316 3614 hunc
2348 3552 2670 3617 famulum

344 3665 534 3724 tuum
579 3656 686 3720 ill.
720 3654 1113 3719 benedicere
1160 3654 1461 3738 dignare,
1495 3654 1601 3717 cui
1632 3654 1703 3717 in
1748 3660 1864 3719 tuo
1898 3659 2132 3718 sancto
2178 3655 2443 3718 nomine
2475 3656 2667 3720 habi-

339 3764 484 3825 tum
528 3754 880 3841 religionis
929 3775 1132 3819 sacrae
1165 3753 1567 3837 imponimus
1595 3778 1620 3830 ;‚
1660 3760 1735 3819 ut
1778 3760 1847 3819 te
1880 3753 2237 3838 largiente,
2271 3760 2341 3818 et
2380 3753 2701 3821 devotus'

343 3863 413 3926 in
447 3859 734 3925 ecclesia
763 3859 1153 3943 persistere,
1187 3864 1258 3920 et
1301 3857 1507 3920 vitam
1554 3863 1875 3922 aeternam
1919 3863 2262 3922 mereatur
2303 3858 2671 3944 percipere.

348 3966 501 4030 Per.

430 4066 597 4125 Dum
624 4064 836 4134 tondes,
872 4063 1024 4121 dicis
1054 4061 1451 4139 antiphonam.

439 4163 540 4225 Tu
574 4182 667 4237 es,
701 4158 1003 4234 Domine,
1038 4156 1154 4240 qui
1184 4157 1509 4221 restitues
1541 4159 1706 4221 mihi
1737 4158 2201 4224 haereditatem
2234 4180 2471 4226 meam.

435 4268 558 4329 Pa.
650 4263 977 4328 Dominus
1009 4281 1169 4345 pars
1200 4261 1618 4327 haereditatis
1650 4285 1810 4327 meae
1843 4269 1910 4327 et
1944 4264 2172 4328 calicis
2203 4264 2355 4327 mei.

436 4369 539 4433 Tu
572 4388 646 4431 es
680 4366 887 4432 Deus,
982 4375 1046 4430 et
1080 4363 1333 4429 Gloria.
