3117 5025
1122 399 1523 463 Benedictio
1557 399 1790 483 Reyie.
2479 396 2610 460 349

282 580 489 645 terris
556 584 887 651 redditam
956 587 1464 664 demonstrasti,
1527 589 1906 671 iterumque
1981 588 2212 651 Aaron
2281 585 2607 650 famulum

281 689 475 748 tuum
522 709 644 772 per
686 691 1067 754 unctionem
1102 691 1235 754 olei
1284 692 1701 757 sacerdotem
1753 690 2065 767 sanxisti,
2097 695 2169 754 et
2213 695 2449 775 postea
2489 710 2613 774 per

285 787 492 870 hujus
516 793 845 875 unguenti
876 794 1280 857 infusionem
1306 794 1391 859 ad
1415 795 1786 881 regendum
1812 793 2133 879 populum
2154 793 2610 858 Israeliticum

291 892 696 972 sacerdotes,
731 917 927 982 reges
974 903 1045 961 et
1074 900 1448 982 prophetas
1488 898 1859 981 perfecisti,
1890 897 2286 981 vultumque
2321 896 2618 961 ecclesiae

289 994 356 1055 in
390 994 537 1059 oleo
564 999 1080 1063 exhilarandum
1108 1022 1229 1085 per
1256 1001 1721 1085 propheticam
1746 1001 1980 1064 famuli
2015 1003 2116 1066 tui
2141 1022 2368 1064 vocem
2395 1000 2613 1065 David

291 1117 440 1160 esse
466 1101 873 1182 praedixisti3
921 1104 1019 1168 ita
1049 1125 1449 1189 quaesumus,
1472 1105 1897 1188 omnipotens
1923 1104 2147 1181 Pater,
2169 1111 2236 1169 et
2269 1125 2390 1189 per
2409 1103 2614 1187 hujus

290 1208 613 1266 creaturae
661 1206 1159 1291 pinguedinem,
1205 1207 1386 1271 hunc
1439 1228 1710 1270 servum
1765 1213 1958 1272 tuum
2016 1208 2436 1271 sanctificare
2490 1212 2613 1270 tua

289 1303 753 1371 benedictione
775 1309 1092 1393 digneris,
1116 1330 1398 1394 eumque
1420 1310 1489 1374 in
1510 1309 2018 1374 similitudinem
2039 1310 2359 1374 columbae
2379 1330 2611 1393 pacem

290 1408 748 1493 simplicitatis
773 1414 1020 1498 populo
1046 1416 1167 1479 sibi
1195 1415 1463 1479 subdito
1490 1422 1834 1499 praestare,
1863 1418 1934 1478 et
1957 1413 2264 1498 exempla
2288 1415 2516 1478 Aaron
2542 1416 2611 1477 in

285 1509 414 1574 Dei
448 1514 729 1578 servitio
761 1516 1123 1602 diligenter
1167 1518 1444 1593 imitari,
1476 1538 1846 1603 regumque
1892 1516 2173 1602 fastigia
2204 1517 2273 1580 in
2316 1517 2619 1581 consiliis

289 1616 587 1682 scientiae
619 1623 689 1683 et
720 1622 1035 1704 aequitate
1060 1621 1298 1705 judicii
1334 1642 1600 1706 semper
1630 1621 1924 1704 assequi,
1954 1621 2349 1705 vultumque
2382 1622 2617 1685 hilari-

289 1718 459 1782 tatis
519 1741 642 1804 per
699 1724 874 1787 hanc
928 1725 1059 1788 olei
1115 1725 1502 1789 unctionem
1567 1730 1889 1808 tuamque
1939 1725 2493 1801 benedictionem,
2545 1731 2613 1790 te

286 1822 675 1906 adjuvante,
708 1829 1073 1892 commissae
1109 1828 1288 1914 plebi
1320 1835 1632 1914 paratum
1669 1830 1917 1893 habere
1949 1829 2182 1894 facias.
2275 1829 2424 1892 Per.

368 1926 719 1988 Benedictio,

402 2017 712 2102 Benedic,
774 2027 1077 2105 Domine,
1134 2030 1311 2093 hunc
1372 2028 1720 2114 praesulem
1787 2029 2173 2114 principem,
2228 2032 2341 2112 qui
2403 2052 2614 2117 regna

287 2146 523 2211 regum
557 2130 852 2194 omnium
885 2154 927 2196 a
960 2132 1200 2196 saeculo
1233 2132 1621 2196 moderaris.
1719 2135 1951 2196 Amen.

401 2229 491 2293 Et
551 2233 673 2296 tali
736 2255 886 2298 eum
947 2235 1411 2300 benedictione
1472 2234 1797 2320 glorifica,
1858 2239 1937 2298 ut
1996 2232 2322 2299 Davidica
2381 2243 2614 2317 teneat

293 2334 711 2402 sublimitate
759 2346 1094 2424 sceptrum
1145 2341 1410 2416 salutis,
1445 2346 1514 2404 et
1561 2338 2023 2404 sanctificatus
2069 2339 2381 2422 protinus
2428 2361 2618 2425 repe-

286 2438 509 2503 riatur
540 2443 800 2507 meritc.
892 2447 1132 2509 Amen.

405 2543 512 2609 Da
575 2547 635 2609 ei
697 2568 738 2610 a
805 2553 922 2611 tuo
995 2547 1353 2633 spiramine
1422 2568 1571 2611 cum
1643 2545 2153 2610 mansuetudine
2215 2545 2315 2609 ita
2375 2568 2611 2632 regere

291 2649 614 2733 populum
655 2651 830 2716 sicut
864 2651 1284 2716 Salomonem
1328 2650 1549 2714 fecisti
1599 2671 1878 2732 regnum
1915 2650 2215 2714 obtinere
2247 2650 2619 2734 pacificum.

292 2753 530 2816 Amen.

385 2855 534 2920 Tibi
581 2877 842 2943 semper
885 2882 1030 2923 cum
1080 2860 1320 2924 timore
1372 2859 1463 2922 sit
1510 2857 1843 2933 subditae,
1876 2855 2131 2938 tibique
2175 2856 2423 2920 militet
2469 2879 2615 2920 cum

294 2959 561 3042 quiete3
611 2961 702 3024 sit
749 2968 864 3025 tuo
907 2963 1138 3048 clypeo
1185 2967 1534 3047 protectus
1591 2981 1740 3024 cum
1786 2959 2198 3045 proceribus,
2243 2965 2313 3024 et
2360 2960 2607 3045 ubique

293 3068 568 3127 maneat
600 3064 743 3127 sine
776 3065 907 3129 fine
942 3067 1175 3130 victor.
1269 3067 1505 3129 Amen.

384 3166 490 3229 Sis
524 3167 582 3229 ei
634 3175 868 3233 contra
901 3170 1080 3233 acies
1127 3169 1546 3233 inimicorum
1581 3166 1810 3241 lorica,
1843 3166 1909 3229 in
1945 3166 2246 3230 adversis
2291 3166 2512 3251 galea,
2548 3169 2612 3230 in

293 3270 637 3354 prosperis
707 3272 1058 3356 patientia,
1122 3273 1190 3336 in
1256 3272 1676 3357 protectione
1743 3269 2044 3353 clypeum
2115 3270 2615 3353 sempiternum.

296 3378 533 3438 Amen.

382 3476 596 3541 Vivat
627 3477 809 3541 inter
837 3479 1145 3563 gentium
1179 3484 1491 3542 catervas
1535 3475 2026 3561 magnanimus.
2119 3473 2223 3538 Sit
2252 3475 2318 3537 in
2344 3475 2618 3558 judiciis

295 3580 576 3664 oequitas
611 3580 1004 3665 singularis.·
1087 3588 1321 3645 Amen.

382 3683 783 3768 Locupletet
832 3706 981 3746 eum
1033 3691 1154 3749 tua
1206 3684 1488 3770 praedita
1534 3683 1835 3759 dextera,
1881 3679 2217 3765 frugalem
2269 3682 2615 3747 contineat

292 3788 607 3875 patriam,
637 3793 705 3851 et
739 3788 882 3851 suis
915 3788 1147 3852 liberis
1180 3789 1439 3853 tribuat
1467 3786 1842 3872 profutura.
1934 3786 2171 3848 Amen.

390 3892 498 3956 Da
557 3892 617 3954 ei
669 3890 1126 3976 prolixitatem
1182 3894 1336 3956 vitae
1387 3912 1505 3976 per
1553 3898 1877 3974 tempora,
1928 3897 1997 3952 et
2049 3889 2117 3950 in
2180 3887 2417 3953 diebus
2470 3888 2618 3971 ejus

300 3998 563 4063 oriatur
584 3996 878 4080 justitia.
971 4001 1206 4060 Amen.

389 4106 449 4166 A
481 4107 547 4165 te
580 4101 928 4164 robustum
960 4105 1190 4164 teneat
1234 4098 1587 4184 regiminis
1620 4097 1880 4173 solium,
1916 4102 1992 4161 ut
2023 4117 2169 4161 cum
2196 4095 2617 4180 jocunditate

305 4216 375 4270 et
401 4204 677 4289 justitia
707 4212 954 4267 aeterno
985 4204 1319 4289 glorietur
1350 4205 1420 4266 in
1451 4224 1683 4288 regno.
1773 4203 2008 4266 Amen.

390 4310 481 4374 Et
512 4313 760 4394 praesta
791 4313 868 4371 ut
898 4313 1138 4392 gentes
1159 4308 1260 4370 illi
1296 4314 1580 4371 teneant
1608 4306 1826 4381 fidem,
1851 4322 2163 4389 proceres
2196 4301 2298 4365 sui
2332 4301 2626 4368 habeant

296 4434 553 4499 pacem,
586 4411 877 4496 diligant
909 4414 1282 4476 caritatem.
1373 4420 1609 4475 Amen.
1648 4427 1673 4444 “
