3117 5025
505 403 637 469 292
1214 406 1662 490 Confirmatio
1692 406 2097 470 Puerorum.

592 611 680 670 Et
724 620 880 683 nota,
932 611 1081 690 quod
1131 612 1188 671 si
1230 622 1368 673 aetas
1415 612 1804 692 confirmandi
1848 612 1916 670 id
1960 612 2238 690 deposcat,
2285 605 2650 668 communicet
2695 620 2826 660 eum

514 707 822 786 episcopus,
851 708 1065 769 dicens.

602 801 863 887 Corpus
894 803 1166 868 Domini
1211 806 1432 870 nostri
1462 804 1629 869 Jesu
1676 804 1931 869 Christi
1977 802 2319 867 custodiat
2363 816 2607 883 corpus
2636 798 2831 858 tuum

518 910 591 971 et·
619 909 912 971 animam
945 913 1130 973 tuam
1162 910 1233 973 in
1263 910 1474 974 vitam
1506 913 1852 972 aeternam.
1941 909 2178 972 Amen.

596 1008 727 1067 Hoc
752 1009 934 1087 sacto,
978 1012 1322 1087 injunyatur
1364 1013 1435 1070 ab
1475 1011 1672 1087 aliquo
1711 1010 2009 1080 sacerdote,
2055 1008 2204 1086 quod
2246 1013 2552 1083 compatres
2591 1009 2644 1060 et
2682 1018 2831 1059 com-

518 1111 725 1161 matres
752 1114 910 1163 orent
937 1106 1178 1183 aliquod
1216 1114 1429 1165 certum
1447 1127 1560 1183 pro
1601 1113 1753 1163 statu
1781 1104 2010 1163 domini
2034 1102 2284 1181 episcopi
2320 1109 2373 1159 et
2390 1121 2501 1179 pro
2529 1095 2833 1156 animabus

517 1200 706 1277 patris
727 1210 777 1259 et
796 1202 1019 1273 matris,
1045 1212 1097 1261 et
1115 1225 1227 1282 pro
1247 1204 1549 1262 animabus
1569 1202 1828 1260 omnium
1842 1202 2116 1278 fidelium
2136 1199 2525 1277 defunctorum
2544 1217 2568 1268 ;
2607 1202 2658 1252 et
2686 1190 2837 1271 quod

519 1295 690 1352 tertia
730 1295 825 1354 die
864 1298 1081 1356 vadant
1120 1318 1250 1356 cum
1280 1298 1481 1375 pueris
1522 1298 1603 1354 ad
1642 1296 1933 1354 ecclesiam
1980 1296 2059 1353 ad
2105 1294 2442 1354 chrismalia
2481 1288 2833 1369 deponenda,

526 1396 578 1446 et
603 1390 686 1448 sic
711 1392 975 1450 recedant
1001 1393 1068 1450 in
1094 1393 1323 1451 nomine
1351 1390 1624 1450 Domini.

612 1486 774 1544 Tunc
827 1488 1116 1546 benedicat
1167 1487 1456 1566 episcopus
1507 1486 1784 1565 populum
1828 1485 2276 1562 qenuflectentem
2322 1504 2452 1543 cum
2493 1481 2712 1561 pueris,
2757 1477 2843 1536 sic

530 1580 788 1639 dicend0.

622 1676 989 1741 Benedicat
1033 1697 1156 1740 vos
1203 1677 1631 1762 omnipotens
1676 1676 1864 1742 Deus
1908 1676 2115 1740 Pater
2156 1672 2236 1752 *1⁴
2282 1681 2351 1739 et
2396 1672 2612 1737 Filius
2655 1668 2735 1748 *1⁴
2779 1673 2852 1734 et

537 1777 942 1864 Spiritusffl
978 1779 1288 1846 Sanetus.
1378 1783 1469 1846 R.
1558 1781 1799 1845 Amen.

616 1975 702 2034 Et
740 1985 895 2049 nota,
925 1979 1075 2055 quod
1113 1979 1229 2038 hoec
1269 1979 1577 2037 benedictio
1617 1978 1769 2037 debet
1809 1977 1933 2036 dici
1958 1977 2029 2035 ab
2054 1977 2310 2056 episcopo
2348 1993 2516 2054 super
2545 1971 2850 2052 populum,

542 2071 740 2130 totiens
768 2073 1020 2150 quotiens
1046 2075 1283 2153 aliquod
1309 2081 1609 2135 consecrat.

616 2267 698 2326 Et
740 2277 895 2341 nota,
936 2269 1086 2347 quod
1123 2290 1241 2328 non
1286 2288 1501 2346 semper
1541 2275 1759 2326 tenetur
1805 2266 2095 2346 episcopus
2141 2266 2476 2342 re-incipere
2523 2262 2608 2321 vel
2649 2262 2860 2320 iterare

540 2370 715 2421 totum
744 2365 1043 2422 servitium
1061 2384 1174 2442 pro
1213 2363 1454 2441 quolibet
1478 2384 1657 2441 puero
1696 2363 1811 2421 sibi
1837 2362 2165 2421 adveniente
2192 2362 2258 2419 in
2285 2361 2385 2418 via
2422 2359 2508 2418 vel
2532 2357 2682 2417 alibi
2699 2378 2725 2429 ;
2763 2355 2861 2415 sed

543 2458 858 2518 benedicere
882 2460 1114 2519 cuilibet
1131 2479 1313 2539 puero
1337 2459 1421 2517 sic
1441 2480 1463 2517 .·

633 2555 931 2640 Spiritus
997 2556 1285 2621 Sanctus
1348 2556 1785 2641 superveniat
1843 2556 1915 2620 in
1966 2561 2058 2632 te,
2107 2560 2179 2620 et
2237 2554 2460 2621 virtus
2518 2554 2856 2620 Altissimi

543 2659 879 2725 custodiat
909 2664 977 2723 te
1009 2680 1051 2723 a
1080 2660 1395 2745 peccatis·

626 2760 924 2838 Inquisito
950 2762 1179 2819 nomine
1204 2762 1389 2839 pueri,
1419 2761 1579 2819 dicat

634 2857 725 2922 N.
758 2857 953 2941 signo
985 2861 1076 2934 te,
1108 2867 1185 2921 ut
1214 2878 1452 2938 supra.

626 2957 699 3018 Si
738 2958 1151 3033 maynafuerit
1181 2959 1456 3036 pausatio
1479 2958 1649 3036 facta
1677 2959 1828 3018 inter
1863 2979 2067 3038 pueros
2092 2958 2204 3018 sibi
2243 2958 2614 3030 advenientes,
2644 2966 2860 3017 tenetur

548 3054 885 3131 ‘re-incipere
913 3060 1090 3112 totum
1115 3054 1430 3116 servitium.

629 3261 782 3320 Item
835 3261 891 3319 si
936 3262 1361 3339 confirmandus
1398 3261 1589 3339 fuerit
1643 3263 1855 3321 adultae
1906 3263 2110 3334 aetatis,
2161 3270 2212 3320 et
2261 3264 2510 3321 nescitur
2550 3262 2723 3340 plane
2775 3262 2862 3320 vel

551 3356 848 3414 dubitatur
872 3356 1264 3414 verisimiliter
1287 3365 1479 3415 utrum
1505 3357 1583 3414 sit
1622 3359 1989 3434 confirmatus
2014 3358 2102 3416 vel
2133 3379 2266 3432 non,
2284 3359 2483 3436 primo
2509 3359 2857 3434 confiteatur,

552 3460 603 3509 et
621 3459 769 3530 post,
797 3451 1077 3527 inquisito
1102 3452 1330 3509 nomine
1356 3451 1540 3521 illius,
1574 3452 1749 3510 dicat.

638 3546 710 3611 Si
742 3567 814 3610 es
840 3546 1297 3623 confirmatuS,
1321 3568 1455 3610 non
1480 3560 1549 3610 te
1575 3547 1973 3613 reconfirmo
2000 3570 2017 3623 ;
2066 3548 2279 3613 sinon
2311 3568 2385 3612 es
2409 3549 2865 3626 confirmatus,

555 3649 746 3735 signo
781 3654 850 3713 te
887 3649 1103 3733 signo,
1134 3650 1246 3715 διο.
1279 3660 1354 3715 ut
1386 3671 1626 3732 supra.

3042 2606 3064 2887 Qss„„
