3117 5025
519 388 650 454 350
1352 393 1751 459 Benedictio
1784 393 2015 477 Reyie.

611 580 712 644 'I'u
758 581 907 664 ejus
951 581 1166 646 menti
1210 582 1544 668 benignus
1592 583 1916 661 inlabere,
1962 590 2041 649 ut
2079 604 2307 648 amore
2353 586 2422 647 te
2470 580 2729 656 timeat,
2775 583 2848 643 et

524 684 770 748 timore
802 685 1068 770 diligat.
1158 688 1395 752 Amen.

610 788 714 851 Tu
764 788 827 852 ei
872 790 1091 853 honor
1133 790 1250 866 sis,
1296 797 1374 856 tu
1421 791 1767 876 gaudium,
1815 797 1891 856 tu
1939 792 2279 867 voluntas,
2320 797 2399 855 tu
2450 791 2519 853 in
2564 808 2844 852 moerore

527 890 869 968 solatium,
930 892 1001 956 in
1062 894 1507 979 ambiguitate
1568 895 1946 971 consilium,
2008 895 2074 958 in
2138 895 2379 958 itinere
2439 893 2842 957 consolator.

527 995 764 1059 Amen.

611 1099 715 1161 Tu
757 1099 826 1161 in
871 1099 1145 1183 injuriis
1190 1099 1525 1178 defensor,
1555 1102 1627 1165 in
1673 1100 2114 1166 tribulatione
2160 1100 2514 1186 patientia,
2545 1099 2612 1163 in
2660 1098 2845 1184 aegri·

525 1201 760 1265 tudine
792 1202 1142 1267 medicina.
1233 1204 1470 1267 Amen.

614 1304 695 1367 In
765 1310 833 1369 te
902 1306 1153 1371 habeat
1226 1327 1423 1370 omne
1490 1307 1871 1384 consilium,
1938 1326 2060 1391 per
2124 1311 2313 1371 tuam
2380 1305 2601 1370 discat
2667 1323 2842 1367 com-

524 1410 737 1474 missa
797 1409 1196 1494 sapientiam
1256 1410 1449 1495 regni
1509 1411 1968 1495 gubernacula
2028 1410 2383 1486 moderari,
2441 1413 2520 1472 ut
2579 1427 2846 1491 semper

525 1513 714 1588 felix,
777 1533 1043 1598 semper
1103 1535 1146 1578 a
1205 1520 1273 1578 te
1341 1514 1670 1598 gaudens,
1740 1515 1822 1579 de
1889 1515 2029 1579 tuis
2090 1519 2437 1578 mereatur
2502 1510 2846 1578 beneficiis

526 1615 887 1701 gratulari,
920 1623 990 1681 et
1022 1618 1295 1681 aeternis
1328 1617 1558 1681 valeat
1589 1619 2006 1682 commerciis
2037 1617 2359 1703 copulari.
2448 1617 2687 1680 Amen.

614 1721 712 1785 Ut
756 1740 952 1803 quem
998 1726 1073 1783 tu
1105 1721 1300 1784 nobis
1343 1721 1539 1785 hodie
1591 1726 1714 1785 tua
1761 1720 2221 1786 misericordia
2261 1719 2630 1803 jocundum
2681 1737 2847 1801 prae-

531 1829 801 1887 sentare
847 1823 1167 1907 dignatus
1199 1844 1293 1901 es,
1327 1828 1447 1888 tua
1489 1825 1703 1889 facias
1734 1824 2099 1890 multorum
2134 1845 2461 1889 annorum
2493 1820 2850 1887 curriculis

528 1928 946 2014 protectione
980 1949 1312 1993 securum.
1401 1930 1637 1993 Amen.

616 2031 708 2096 Et
755 2032 853 2095 ita
890 2031 1181 2117 populus
1232 2033 1362 2096 iste
1400 2032 1694 2116 pullulet
1739 2033 2029 2097 coalitus
2070 2032 2535 2097 benedictione
2585 2028 2847 2094 aeterni-

528 2136 717 2213 tatis,
781 2140 860 2200 ut
928 2157 1194 2221 semper
1252 2141 1574 2201 maneant
1640 2135 2098 2221 tripudiantes
2164 2138 2235 2200 in
2296 2158 2461 2221 pace
2529 2135 2848 2199 victores.
2944 2126 2955 2137 '

532 2243 769 2305 Amen.

619 2344 805 2428 Quod
838 2343 983 2427 ipse
1030 2348 1352 2429 praestare
1401 2343 1703 2429 digneris
1747 2345 1860 2429 qui
1908 2367 2057 2410 cum
2101 2351 2352 2410 aeterno
2398 2345 2599 2410 Patre
2650 2339 2852 2408 simul

529 2471 680 2515 cum
728 2448 984 2534 Spiritu
1032 2448 1299 2526 SanctO,
1332 2449 1508 2514 vivis
1557 2456 1625 2515 et
1656 2470 1906 2535 regnas
1951 2448 2158 2527 Deus,
2189 2471 2311 2535 per
2352 2450 2576 2515 omnia
2607 2444 2853 2512 saecula

536 2554 948 2620 saeculorum.
1038 2554 1278 2617 Amen.

614 2657 765 2716 Item
790 2678 962 2734 super
986 2678 1187 2733 reyem.

622 2753 1062 2839 Omnipotens
1108 2751 1294 2817 Deus
1325 2753 1441 2817 det
1483 2756 1565 2836 ›1‹
1596 2753 1721 2819 tibi
1756 2754 1838 2818 de
1869 2775 2024 2818 rore
2057 2754 2203 2818 coeli
2237 2760 2306 2819 et
2335 2754 2417 2818 de
2449 2751 2851 2840 pinguedine

531 2867 727 2926 terrae
771 2859 1255 2924 abundantiam
1297 2856 1622 2922 frumenti
1666 2863 1736 2923 et
1782 2859 1918 2922 vini
1968 2867 2039 2924 et
2074 2860 2226 2936 olei,
2260 2865 2329 2923 et
2376 2859 2680 2924 serviant
2722 2855 2849 2921 tibi

534 2961 762 3047 populi
797 2968 865 3024 et
895 2946 1185 3025 adorent
1215 2966 1283 3025 te
1317 2961 1574 3036 tribus3
1624 2967 1775 3026 esto
1807 2961 2117 3027 dominus
2147 2964 2433 3028 fratrum
2465 2968 2756 3035 tuorum,
2782 2966 2851 3024 et

530 3067 968 3129 incurventur
1000 3069 1159 3127 ante
1202 3074 1270 3129 te
1310 3065 1431 3127 filii
1463 3065 1705 3128 matris
1735 3069 1887 3142 tuae,
1923 3071 1992 3129 et
2036 3067 2150 3150 qui
2196 3065 2695 3145 beneffldixerit
2722 3063 2848 3128 tibi

532 3166 1110 3233 benedictionibus
1158 3166 1524 3251 repleatur,
1556 3172 1628 3231 et
1656 3167 1844 3232 Deus
1878 3170 2010 3232 erit
2055 3170 2325 3253 adjutor
2353 3177 2531 3236 tuus.
2627 3169 2851 3233 Omni-

532 3276 773 3356 potens
859 3270 1300 3356 beneffldicat
1370 3272 1494 3335 tibi
1570 3272 2231 3354 beneffldictionibus
2313 3274 2458 3337 coeli
2544 3273 2853 3356 desuper,

528 3373 1190 3458 beneffidictionibus
1234 3374 1460 3458 abyssi
1499 3373 1794 3456 jacentis
1834 3375 2165 3452 deorsum,
2197 3375 2854 3454 beneffldictionibus

538 3479 817 3542 uberum
865 3482 935 3540 et
980 3476 1234 3552 vulvae;
1290 3476 1872 3557 beneffldictiones
1918 3486 2185 3561 patrum
2230 3481 2658 3562 antiquorum
2706 3499 2857 3542 con-

534 3584 799 3646 fortatoe
834 3580 972 3644 sint
1005 3600 1212 3663 super
1244 3585 1330 3642 te.

616 3685 781 3742 Asia.

621 3779 1012 3867 Beneffidic,
1047 3779 1354 3857 Domine,
1387 3780 1857 3845 fortitudinem
1903 3783 2224 3868 principis
2270 3783 2508 3858 nostri,
2543 3788 2614 3846 et
2645 3804 2850 3868 opera

530 3906 846 3949 manuum
878 3883 1064 3948 illius
1098 3885 1382 3970 suscipe,
1417 3890 1486 3948 et
1517 3884 2060 3968 beneffldictione
2094 3893 2212 3949 tua
2244 3891 2430 3950 terra
2460 3887 2607 3971 ejus
2638 3885 2853 3971 reple-

537 3997 710 4063 atur,
744 3988 825 4052 de
857 3988 1052 4051 bonis
1083 3988 1423 4052 fructuum
1458 3988 1605 4052 coeli
1639 3994 1709 4052 et
1752 4008 1904 4051 rore
1935 3994 2137 4072 atque
2172 3989 2559 4072 subjacente
2592 3991 2859 4074 abyssO,

534 4094 616 4157 de
675 4091 869 4158 bonis
936 4092 1283 4156 fructuum
1346 4090 1509 4155 solis
1559 4077 1650 4155 'ac
1711 4091 1902 4167 lunoe,
1965 4092 2046 4155 de
2112 4093 2362 4157 vertice
2424 4094 2856 4177 antiquorum

535 4197 882 4272 montium,
915 4196 996 4260 de
1031 4195 1226 4259 bonis
1258 4200 1652 4259 aeternorum
1689 4195 1980 4270 collium,
2014 4200 2083 4259 et
2114 4195 2193 4258 de
2224 4195 2534 4282 frugibus
2567 4203 2758 4261 terrae
2792 4205 2866 4261 et

534 4300 943 4385 plenitudine
1003 4299 1175 4383 ejus.
1267 4295 1733 4375 Beneffidictio
1780 4298 1961 4361 illius
2016 4299 2130 4382 qui
2183 4300 2496 4383 apparuit
2549 4301 2615 4363 in
2665 4301 2857 4377 rub0,

533 4404 760 4469 veniat
806 4423 1011 4487 super
1044 4408 1245 4487 caput
1286 4401 1391 4465 ill.
1427 4407 1496 4465 et
1535 4401 1776 4486 plenus
1822 4402 1952 4464 erit
1993 4402 2454 4466 benedictione
2486 4403 2750 4467 Domini
2782 4406 2854 4468 in
