3117 5025
924 365 1024 430 De
1060 365 1433 429 Ordinibus
1471 363 1930 448 Conferendis.
2395 338 2414 356 ⁶
2458 363 2584 426 311

865 743 1369 810 ORDINATIO
1415 743 1995 811 SUBDIAOONI.

351 944 747 1006 Subdiaconus
785 966 913 1006 cam
947 945 1275 1020 ordinatur,
1315 948 1457 1024 quia
1496 967 1703 1006 manus
1741 946 2161 1026 impositionem
2203 966 2318 1005 non
2358 946 2591 1024 accipit,

263 1051 544 1121 patenam
584 1040 653 1101 de
696 1062 877 1100 mana
921 1041 1170 1120 episcopi
1216 1042 1470 1120 accipiat
1514 1062 1776 1114 vacuam,
1818 1049 1870 1101 et
1917 1041 2150 1101 calicem
2197 1061 2440 1100 vacuum
2467 1063 2486 1100 .·
2524 1041 2594 1099 de

264 1159 453 1197 mana
478 1135 879 1196 archidiaconi
903 1137 1154 1215 accipiat
1180 1137 1468 1196 urceolam
1494 1156 1625 1196 cum
1646 1135 2018 1214 aquamanili
2044 1155 2112 1194 ac
2130 1143 2550 1213 manuteryium
2575 1157 2597 1207 ,·

265 1240 321 1291 et
350 1232 528 1292 dicat.

358 1325 552 1404 Vide,
605 1326 798 1411 cujus
848 1325 1295 1391 ministerium
1350 1324 1475 1390 tibi
1534 1325 1871 1403 traditur3
1935 1330 2006 1390 et
2056 1324 2209 1389 ideo
2263 1325 2320 1389 si
2381 1347 2593 1410 usque

263 1450 446 1495 nunc
475 1430 666 1494 fuisti
695 1429 933 1494 tardus
977 1429 1064 1493 ad
1094 1427 1493 1505 Ecclesiam,
1523 1427 1764 1493 amodo
1808 1428 2015 1492 debes
2046 1448 2196 1493 esse
2239 1429 2555 1494 assiduus
2581 1452 2597 1506 ;

265 1532 330 1596 si
391 1553 605 1617 usque
665 1553 843 1597 nunc
905 1531 1389 1607 somnolentuS,
1449 1530 1691 1596 amodo
1750 1530 1960 1615 vigi13
2027 1531 2085 1595 si
2144 1552 2357 1616 usque
2418 1553 2595 1597 nunc

262 1633 596 1710 ebriosus,
638 1633 875 1698 amodo
928 1633 1232 1711 sobrius3
1283 1633 1340 1697 si
1393 1654 1606 1717 usque
1659 1654 1835 1697 nunc
1887 1633 2305 1711 inhonestae,
2353 1635 2593 1700 amodo

262 1742 531 1801 cautus.
620 1736 1016 1802 Oblationes
1046 1758 1190 1821 quae
1225 1736 1503 1801 veniunt
1533 1737 1603 1799 in
1637 1735 1845 1801 altari
1875 1757 2086 1821 panes
2118 1738 2595 1821 propositionis

268 1839 720 1925 appellantur.
808 1837 910 1905 De
962 1839 1132 1924 ipsis
1193 1839 1647 1904 oblationibus
1695 1844 1962 1904 tantum
2025 1840 2224 1904 debet
2273 1839 2342 1904 in
2392 1840 2593 1906 altari

260 1942 426 2027 p‘oni
474 1947 798 2026 quantum
855 1942 1103 2028 populo
1159 1942 1377 2026 possit
1432 1943 1758 2019 sufficere,
1805 1963 1890 2007 ne
1944 1941 2202 2026 aliquid
2251 1942 2591 2027 putridum

262 2046 337 2109 in
368 2046 665 2112 sacrario
703 2053 1073 2113 remaneat.
1164 2047 1369 2112 Palles
1414 2067 1575 2110 vero
1614 2068 1758 2130 quae
1806 2052 1964 2111 sunt
2008 2046 2080 2111 in
2125 2048 2591 2125 substratorio,

260 2144 334 2211 in
394 2148 529 2212 alio
591 2170 749 2213 vase
801 2150 1050 2214 debent
1105 2149 1344 2225 lavari,
1399 2149 1470 2213 in
1524 2147 1661 2214 alio
1716 2148 2101 2233 corporales
2149 2149 2365 2234 pallae.
2454 2151 2593 2216 Ubi

258 2251 455 2335 pallae
516 2251 899 2336 corporales
957 2251 1200 2316 lavatae
1262 2251 1539 2325 fuerint,
1595 2251 1859 2316 nullum
1915 2251 2283 2317 linteamen
2346 2253 2590 2318 ibidem

258 2354 445 2420 aliud
504 2354 721 2420 lavari
779 2355 1019 2431 debet;
1078 2354 1231 2438 ipsa
1289 2376 1468 2440 aqua
1527 2356 1599 2418 in
1656 2355 2058 2440 baptisterio
2120 2356 2323 2421 debet
2381 2358 2591 2443 vergi.

264 2459 448 2535 Iden,
480 2463 551 2524 te
583 2457 930 2535 admoneo,
963 2463 1040 2524 tu
1072 2457 1277 2524 talem
1310 2465 1380 2524 te
1412 2459 1676 2537 exhibe,
1708 2471 1785 2524 ut
1814 2457 1958 2525 Deo
1989 2457 2259 2544 placere
2289 2461 2533 2546 possis.

351 2560 439 2620 Et
466 2560 663 2620 tradat
687 2561 743 2619 ei
769 2561 1003 2620 calicem
1029 2569 1080 2621 et
1105 2569 1392 2639 patenam.

1089 2657 1371 2734 Praefatio
1397 2655 1754 2716 subdiaconi.

359 2752 641 2818 Oremus
663 2751 878 2817 Deum
909 2775 987 2818 ac
1017 2751 1374 2817 Dominum
1401 2760 1729 2828 nostrum,
1755 2758 1832 2816 ut
1864 2772 2070 2836 super
2101 2771 2366 2817 servum
2395 2774 2587 2818 suum

273 2856 403 2932 ill„
460 2875 659 2938 quem
710 2856 795 2919 ad
856 2856 1378 2922 subdiaconatus
1439 2854 1724 2918 officium
1785 2876 2026 2920 vocare
2086 2855 2407 2942 dignatus
2467 2864 2591 2934 est,

274 2957 585 3022 infundat
612 2958 1140 3023 benedictionem
1175 2963 1245 3023 et
1285 2957 1573 3044 gratiam
1609 2977 1820 3033 suam,
1854 2963 1931 3022 ut
1959 2957 2028 3020 in
2076 2963 2439 3046 conspectu
2471 2980 2591 3023 suo

271 3059 560 3125 fideliter
602 3061 925 3137 servienS,
971 3061 1453 3145 praedestinata
1502 3060 1756 3124 sanctis
1802 3060 2074 3146 praemia
2119 3067 2589 3145 consequatur,

276 3164 641 3230 auxiliante
686 3164 969 3229 Domino
1015 3171 1248 3230 nostro
1292 3165 1459 3230 Jesu
1507 3162 1804 3239 Christn,
1837 3166 1951 3248 qui
1998 3186 2148 3228 cum
2196 3187 2276 3230 eo
2322 3167 2491 3231 vivit
2522 3176 2590 3231 et

278 3273 521 3353 regnat
547 3266 733 3333 Deus
762 3289 884 3352 per
913 3269 1139 3333 omnia
1171 3269 1430 3332 saecula.

1116 3370 1454 3430 Benedictio
1481 3370 1747 3447 ejusdem.

361 3465 665 3541 Domine,
700 3470 928 3531 sancte
960 3466 1182 3542 Pater,
1216 3465 1639 3552 omnipotens
1671 3471 1916 3529 aeterne
1961 3463 2169 3541 Deus,
2200 3465 2586 3532 benedicere

280 3566 573 3653 digneris
602 3567 926 3632 famulum
960 3573 1151 3632 tuum
1182 3569 1360 3633 hunc
1401 3588 1600 3652 quem
1633 3567 1718 3631 ad
1753 3564 2271 3631 subdiaconatus
2302 3568 2582 3635 officium

281 3669 530 3756 eligere
574 3669 895 3755 dignatus
937 3690 1032 3746 es,
1084 3675 1163 3734 ut
1215 3691 1366 3734 eum
1428 3669 1725 3734 sacrario
1777 3674 1897 3733 tuo
1958 3674 2190 3732 sancto
2245 3674 2591 3737 strenuum

283 3774 772 3857 sollicitumque
822 3771 1074 3837 coelesti
1124 3771 1380 3837 militiae
1432 3773 1777 3848 instituas,
1829 3776 1899 3835 et
1958 3772 2210 3836 sanctis
2260 3772 2595 3842 altaribus

280 3875 568 3941 fideliter
597 3873 1080 3951 subministret,
1113 3880 1183 3939 et
1226 3874 1606 3960 requiescat
1651 3892 1851 3959 super
1894 3894 2045 3937 eum
2080 3872 2371 3957 Spiritus
2418 3880 2593 3963 sapi·

282 3980 472 4043 entiae
513 3983 584 4042 et
625 3969 1035 4053 intellectus,
1070 3977 1364 4063 Spiritus
1410 3976 1673 4043 consilii
1720 3991 1790 4040 et
1833 3975 2266 4054 fortitudinis,
2301 3977 2591 4064 Spiritus

281 4083 571 4162 scientiae
601 4087 673 4146 et
700 4080 999 4166 pietatis.
1089 4080 1381 4167 Repleas
1414 4101 1565 4145 eum
1601 4080 1858 4164 Spiritu
1890 4079 2154 4144 timoris
2185 4082 2310 4157 tui,
2340 4089 2408 4148 et
2437 4108 2586 4152 eum

284 4184 656 4249 ministerio
703 4183 931 4247 divino
980 4184 1355 4261 confirmes,
1399 4189 1474 4247 ut
1528 4182 1848 4248 obediens
1901 4183 2104 4248 factis
2155 4188 2356 4267 atque
2411 4187 2587 4254 dicto

282 4287 538 4374 parens,
572 4294 757 4352 tuam
790 4285 1082 4371 gratiam
1115 4293 1583 4370 consequatur.
1674 4287 1823 4349 Per.
