3117 5025
470 381 554 466 5'2
999 369 1009 374 ἢ
1245 366 1650 468 Benedictio
1680 404 1746 467 A
1759 402 2005 469 bbatz‘o.

472 602 823 671 consilium
852 605 1133 692 rectum,
1164 607 1235 670 et
1277 604 1650 674 doctrinam
1692 610 2014 683 sanctam,
2044 609 2123 671 ut
2165 607 2367 689 aptus
2412 597 2802 666 inveniatur

474 709 561 775 ad
600 707 1052 792 accipiendam
1090 709 1381 794 gratiam
1403 693 1575 795 'stuaer
1595 708 2116 786 benedictionis3
2163 712 2493 793 quatenus
2535 708 2607 768 et
2649 702 2795 787 ipse

477 814 621 877 sine
653 811 1019 875 offensione
1067 816 1449 880 sanctorum
1494 813 1785 898 vestigia
1818 818 2086 898 patrum
2133 816 2473 896 sequatur,
2507 824 2797 889 suosque

479 935 800 999 sequaces
849 913 1104 979 sanetis
1151 915 1716 980 admonitionibus
1765 915 1957 998 sequi
2000 913 2226 990 faciat,
2275 911 2596 993 sciatque,
2644 908 2803 992 quia

479 1020 595 1104 qui
644 1017 925 1103 suscipit
968 1018 1227 1082 animas
1273 1019 1627 1104 regendas,
1663 1020 1734 1082 in
1771 1018 1875 1082 die
1905 1017 2141 1102 judieii
2184 1037 2305 1102 pro
2341 1014 2450 1078 his
2496 1011 2803 1076 omnibus

478 1121 808 1186 rationem
837 1120 1220 1185 redditurus
1251 1127 1358 1185 est
1380 1121 1668 1185 Domino
1698 1127 1930 1186 nostro
1958 1121 2001 1185 J
2004 1141 2125 1184 esu
2156 1118 2423 1184 Christo
2459 1115 2632 1180 Filio
2662 1118 2803 1191 tuo,

404 1305 408 1309 Δ
481 1225 596 1309 qui
626 1229 845 1288 tecum
877 1224 1047 1289 vivit
1077 1228 1147 1290 et
1175 1228 1419 1309 regnat
1445 1225 1515 1287 in
1546 1225 1807 1290 unitate
1842 1224 2137 1308 Spiritus
2169 1221 2398 1287 Sancti
2427 1219 2608 1283 Deus
2637 1238 2779 1304 per.

572 1327 873 1391 OremuS.

384 1441 449 1511 D
573 1431 834 1495 Oratio.
927 1427 1360 1513 Omnipotens
1422 1427 1937 1493 clementissime
1990 1427 2213 1502 Pater,
2260 1429 2446 1489 tuam
2506 1420 2800 1505 omnipo-

481 1532 763 1598 tentiam
824 1531 1159 1616 supplices
1218 1531 1671 1614 deprecamur,
1720 1536 1799 1595 ut
1848 1528 2199 1592 infundere
2253 1526 2548 1612 digneris
2602 1544 2807 1608 super

480 1637 659 1699 hunc
677 1634 1000 1698 famulum
1023 1637 1215 1697 tuum
1244 1634 1334 1698 N.
1365 1655 1560 1717 quem
1592 1638 1709 1698 tuo
1734 1651 2209 1714 servorumque
2241 1634 2505 1693 tuorum
2528 1626 2804 1691 servitio

483 1737 959 1820 mancipamus,
996 1733 1320 1821 Spiritum
1366 1735 1709 1819 sapientiae
1743 1739 1811 1798 et
1839 1732 2319 1818 intelligentiae,
2351 1728 2805 1795 discretionis·

485 1859 636 1921 que.
734 1837 929 1901 Dona
974 1838 1035 1902 ei
1082 1837 1182 1901 ita
1227 1843 1458 1902 sancto
1507 1821 1699 1923 gregi
1751 1842 1869 1902 tuo
1914 1856 2198 1922 praeesse
2253 1839 2324 1898 et
2366 1834 2684 1919 prodesse
2738 1836 2811 1898 et

485 1943 858 2026 injunctum
892 1942 1019 2006 sibi
1052 1936 1320 2006 abbatis
1354 1943 1640 2006 officium
1674 1942 1816 2006 suis
1859 1941 2271 2027 temporibus
2316 1939 2804 2015 administrare,

485 2051 566 2109 ut
627 2044 752 2109 tibi
809 2044 1077 2128 placere
1136 2045 1360 2109 valeat
1412 2050 1482 2108 et
1527 2044 1892 2108 utilitatem
1949 2065 2293 2108 servorum
2355 2041 2675 2127 [tuorum]
2733 2046 2805 2106 te

487 2147 878 2223 auxiliante,
937 2147 1422 2233 perfectissime
1490 2147 1808 2231 expleat;
1869 2152 2147 2231 propter
2202 2145 2378 2229 quod
2441 2146 2550 2209 hic
2609 2149 2680 2209 et
2738 2145 2811 2209 in

486 2250 716 2314 futuro
770 2250 1007 2314 saeculo
1056 2250 1427 2314 mercedem
1476 2248 1729 2314 laboris
1780 2251 1883 2313 sui
1931 2249 1999 2313 in
2048 2249 2381 2313 consortio
2433 2252 2815 2312 sanctorum

483 2356 752 2417 tuorum
785 2374 826 2416 a
853 2356 922 2416 te
952 2352 1252 2436 piissimo
1284 2351 1609 2436 largitore
1642 2352 1988 2437 percipiat.
2078 2352 2210 2415 Per
2237 2350 2613 2426 Dominum,
2642 2352 2754 2415 διο.

400 2473 459 2538 Ε
579 2453 784 2531 Deus,
817 2452 1040 2518 lumen
1071 2460 1414 2532 aeternum,
1446 2454 1560 2540 qui
1603 2453 1941 2519 illuminas
1969 2473 2226 2518 omnem
2271 2453 2603 2517 hominem
2632 2452 2816 2517 veni-

493 2563 717 2622 entem
748 2558 820 2621 in
849 2558 1025 2620 hunc
1053 2559 1394 2634 mundum,
1426 2558 1852 2642 majestatem
1882 2563 2066 2622 tuam
2098 2577 2246 2620 cum
2277 2555 2455 2619 omni
2484 2555 2815 2641 supplica-

492 2662 678 2726 tione
709 2660 1144 2743 deposcimus,
1177 2665 1256 2724 ut
1296 2661 1473 2725 hunc
1516 2660 1840 2724 famulum
1886 2664 2076 2723 tuum
2107 2659 2198 2723 N.
2244 2658 2377 2742 qui,
2410 2667 2478 2722 te
2521 2663 2814 2736 auctore,

490 2785 614 2850 per
658 2782 896 2825 manus
947 2768 1190 2826 nostrae
1247 2763 1761 2848 impositionem,
1812 2764 2019 2828 abbas
2068 2767 2139 2825 et
2183 2765 2419 2846 pastor
2466 2761 2816 2825 ordinatur

490 2866 882 2940 animarum,
913 2868 1033 2927 tua
1060 2865 1414 2951 multiplici
1457 2866 1917 2930 benedictione
1958 2865 2348 2929 confirmare
2394 2862 2711 2948 digneris,
2743 2869 2814 2930 et

491 2967 825 3032 infusione
868 2967 1100 3050 gratiae
1147 2972 1277 3032 tuae
1318 2969 1609 3033 animam
1655 2968 1801 3051 ejus
1831 2972 1902 3033 et
1930 2989 2169 3053 corpus
2197 2966 2580 3052 perfundas,
2609 2971 2689 3031 ut
2730 2968 2817 3032 ab

493 3068 670 3134 omni
701 3088 953 3131 veneno
984 3070 1240 3152 peccati
1282 3070 1697 3147 emundatuS,
1729 3069 1839 3134 hie
1874 3075 1946 3136 et
1973 3070 2044 3132 in
2086 3074 2400 3134 aeternum
2431 3072 2552 3133 tua
2580 3073 2812 3153 poten-

492 3169 756 3234 tissima
806 3169 1084 3241 dextera
1130 3172 1428 3236 benedici
1474 3177 1831 3238 mereatur.
1920 3172 2050 3238 Per
2100 3170 2454 3237 Dominum
2503 3174 2806 3236 nostrum

491 3274 537 3340 J
540 3296 725 3341 esum
758 3271 1096 3340 Christum
1124 3274 1368 3341 Filium
1399 3279 1591 3342 tuum
1619 3276 1738 3342 διο.
