3117 5025
488 433 618 498 216
1294 434 1738 501 Comaei-atio
1766 433 2001 517 Reyia.

486 661 609 725 per
628 645 954 725 tempora,
976 645 1052 706 ut
1084 640 1153 704 in
1184 639 1421 705 diebus
1444 639 1594 724 ejus
1614 640 1876 706 oriatur
1896 637 2172 722 justitia
2189 660 2207 715 ;
2253 637 2324 700 in
2347 640 2415 701 te
2445 634 2797 699 robustum

484 748 716 810 teneat
741 743 1093 829 regiminis
1123 743 1388 820 solium,
1420 749 1492 808 et
1521 765 1672 808 cum
1696 742 2117 828 jocunditate
2150 744 2221 806 et
2245 740 2521 825 justitia
2550 743 2800 804 aeterno

484 846 814 933 glorietur
840 847 912 911 in
941 868 1173 933 regno.
1261 848 1391 913 Per
1421 846 1804 911 Dominum.

575 952 763 1018 Deus
813 952 1194 1028 ineffabilis,
1240 957 1477 1017 auctor
1528 951 1781 1028 mundi,
1830 949 2137 1015 conditor
2184 948 2457 1035 generis
2503 944 2804 1022 humani,

487 1056 902 1142 gubernator
951 1054 1234 1140 imperii,
1283 1055 1717 1121 confirmator
1766 1053 1983 1140 regni,
2033 1052 2147 1136 qui
2200 1073 2285 1116 ex
2336 1059 2531 1116 utero
2580 1048 2802 1113 fidelis

491 1159 686 1224 amici
717 1158 820 1224 tui
851 1158 1254 1243 patriarchae
1283 1158 1501 1224 nostri
1527 1158 1815 1224 Abrabae
1846 1155 2254 1243 praeelegisti
2282 1175 2512 1241 regem
2544 1151 2805 1218 saeculis

491 1261 955 1348 profuturum3
996 1268 1074 1328 tu
1104 1266 1501 1347 proesentem
1531 1282 1760 1348 regem
1793 1261 1970 1326 hunc
2001 1280 2153 1324 cum
2186 1259 2488 1324 exercitu
2518 1278 2639 1322 suo
2682 1276 2805 1342 per

488 1365 1041 1432 intercessionem
1094 1366 1391 1431 omnium
1437 1369 1823 1431 sanctorum
1877 1364 2068 1429 uberi
2110 1363 2575 1428 benedictione
2627 1360 2809 1425 locu-

490 1469 696 1554 pleta,
741 1473 813 1535 et
862 1469 933 1534 in
989 1468 1230 1535 solium
1283 1469 1476 1555 regni
1527 1470 1723 1534 firma
1774 1467 2149 1534 stabilitate
2202 1471 2560 1542 connecte3
2604 1463 2811 1529 visita

486 1595 658 1649 eum,
694 1572 870 1639 sicut
913 1573 1195 1658 Moysen
1227 1573 1298 1637 in
1330 1574 1521 1649 rubo,
1551 1571 1592 1636 J
1601 1594 1789 1637 esum
1821 1571 2015 1636 Nave
2045 1572 2114 1635 in
2147 1570 2399 1656 praelio,
2432 1569 2702 1636 Gedeon
2734 1569 2804 1632 in

489 1698 680 1762 agro,
714 1676 1089 1741 Samuelem
1135 1677 1207 1739 in
1251 1675 1526 1762 templo,
1556 1683 1629 1741 et
1672 1675 1796 1741 illa
1839 1664 1995 1740 eum
2039 1675 2496 1740 benedictione
2543 1673 2809 1737 siderea

488 1800 569 1844 ac
634 1778 976 1862 sapientiae
1042 1784 1174 1844 tuae
1239 1800 1395 1843 rore
1463 1779 1812 1863 perfunde,
1871 1799 2073 1863 quam
2138 1779 2382 1844 beatus
2446 1775 2668 1842 David
2734 1776 2804 1839 in

492 1881 836 1968 psalterio,
891 1882 1205 1948 Salomon
1264 1882 1446 1946 filius
1504 1883 1680 1967 ejus,
1739 1890 1810 1947 te
1867 1887 2362 1958 remunerante,
2411 1879 2712 1965 percepit
2769 1900 2807 1942 e

491 1984 695 2062 coelo;
743 1985 839 2050 sis
870 1985 934 2050 ei
957 1989 1195 2051 contra
1222 1985 1402 2050 acies
1425 1985 1843 2050 inimicorum
1875 1984 2121 2061 lorica3
2168 1984 2238 2049 in
2262 1984 2564 2050 adversis
2592 1981 2810 2069 galea,

494 2088 564 2153 in
610 2089 953 2175 prosperis
1005 2089 1359 2175 patientia,
1404 2088 1473 2153 in
1518 2089 1938 2174 protectione
1991 2089 2266 2175 clypeus
2317 2089 2808 2172 sempiternus3

496 2197 568 2258 et
610 2197 877 2277 praesta,
908 2198 988 2258 ut
1015 2197 1257 2279 gentes
1298 2192 1400 2256 illi
1446 2198 1729 2259 teneant
1771 2193 1989 2269 fidem,
2021 2212 2334 2278 proceres
2379 2192 2487 2257 sui
2517 2193 2815 2257 habeant

497 2315 750 2380 pacem,
770 2294 1057 2382 diligant
1074 2295 1446 2372 caritatem,
1469 2295 1857 2362 abstineant
1879 2317 1951 2362 se
1971 2318 2017 2362 a
2038 2296 2424 2380 cupiditate,
2448 2295 2815 2381 loquantur

491 2398 853 2482 justitiam,
899 2398 1283 2464 custodiant
1322 2398 1721 2476 veritatem3
1769 2403 1840 2464 et·
1882 2400 1981 2464 ita
2021 2398 2308 2485 populus
2343 2399 2477 2464 iste
2522 2397 2815 2484 pullulet

495 2502 787 2569 coalitus
820 2503 1279 2570 benedictione
1310 2502 1733 2581 aeternitatis,
1767 2508 1845 2571 ut
1886 2523 2154 2589 semper
2181 2509 2505 2571 maneant
2531 2501 2814 2589 tripudi-

496 2610 694 2672 antes
724 2607 794 2671 in
825 2627 991 2692 pace
1023 2606 1332 2672 victores.
1421 2606 1575 2672 Per.

577 2726 741 2785 Timo
766 2726 994 2785 demum
1020 2727 1092 2785 ab
1118 2727 1373 2805 episeopo
1399 2726 1836 2805 metropolitano
1868 2734 2206 2805 amquavttur
2228 2727 2344 2787 sibi
2367 2747 2576 2787 manus
2601 2725 2670 2785 ‹le
2694 2725 2814 2785 oleo

495 2822 869 2896 sanctificata
2744 2852 2749 2857 ·

581 2917 995 3002 Unguantur
1046 2938 1285 2982 manus
1335 2918 1482 2983 istae
1533 2918 1618 2983 de
1679 2918 1831 2984 oleo
1893 2921 2332 2998 sanctificato,
2386 2920 2563 2985 unde
2622 2919 2814 2985 uncti

498 3020 777 3083 fuerunt
819 3040 1017 3105 reges
1064 3025 1136 3085 et
1176 3021 1540 3105 prophetae,
1584 3026 1656 3087 et
1702 3022 1880 3088 sicut
1922 3025 2119 3087 unxit
2160 3023 2433 3089 Samuel
2473 3023 2688 3088 David
2741 3022 2817 3085 in

498 3142 772 3207 regem3
819 3126 899 3188 ut
941 3122 1038 3186 sis
1081 3123 1494 3189 constitutus
1534 3144 1657 3188 rex
1686 3124 1760 3189 in
1805 3145 2016 3210 regno
2060 3126 2195 3190 isto
2241 3147 2447 3210 super
2488 3124 2814 3212 populum

499 3225 727 3301 istum,
758 3246 954 3310 quem
998 3224 1326 3290 Dominus
1371 3225 1557 3291 Deus
1598 3232 1760 3292 tuus
1804 3226 1990 3293 dedit
2033 3228 2158 3293 tibi
2201 3229 2288 3293 ad
2331 3229 2697 3315 regendum
2741 3233 2815 3294 et

502 3327 1025 3413 gubernandum.
1116 3327 1304 3413 Quod
1347 3329 1493 3414 ipse
1539 3336 1861 3414 praestare
1905 3330 2224 3417 dignetur
2265 3331 2383 3416 qui
2429 3353 2576 3396 oum
2607 3331 2816 3397 Patre

504 3437 576 3499 et
608 3431 870 3517 Spiritu
901 3431 1149 3497 Sancto
1178 3431 1368 3497 vivit.

586 3535 924 3621 Prospice,
980 3536 1401 3621 omnipotens
1460 3535 1667 3612 Deus,
1720 3538 1979 3602 serenis
2038 3538 2386 3603 obtutibus
2437 3540 2614 3604 hunc
2670 3537 2821 3624 glo-

501 3638 756 3702 riosum
778 3658 1009 3723 regem
1032 3639 1121 3704 N.
1147 3643 1216 3703 et
1241 3637 1419 3703 sicut
1439 3637 1845 3704 benedixisti
1866 3639 2230 3717 Abraham,
2255 3641 2470 3719 Isaac,
2494 3647 2565 3707 et
2584 3640 2822 3717 Jacob,

505 3741 600 3805 sic
644 3740 837 3804 illum
881 3740 1095 3825 largis
1137 3740 1718 3807 benedictionibus
1762 3742 2139 3828 spiritualis
2179 3744 2414 3830 gratiae
2445 3766 2594 3809 cum
2639 3746 2827 3810 omni

504 3843 919 3928 plenitudine
951 3850 1071 3909 tua
1117 3843 1422 3929 potentia
1464 3845 1754 3931 irrigare
1797 3850 2002 3930 atque
2049 3847 2451 3931 perfundere
2494 3847 2823 3932 dignare;

501 3945 723 4012 tribue
784 3945 868 4023 ei,
927 3944 1233 4025 Domine,
1292 3947 1377 4013 de
1436 3969 1592 4012 rore
1651 3948 1800 4014 ooeli
1858 3953 1932 4015 et
1988 3950 2071 4014 de
2131 3950 2540 4036 pinguedine
2600 3955 2823 4027 terrm,

505 4047 984 4114 abundantiam
1048 4049 1396 4128 frumenti,
1463 4050 1628 4128 vini,
1695 4057 1768 4117 et
1832 4051 1988 4130 olei,
2056 4062 2129 4118 et
2193 4053 2486 4118 omnium
2550 4053 2827 4139 frugum

507 4150 919 4236 opulentiam
966 4173 1051 4216 ex
1099 4150 1419 4238 largitate
1467 4153 1677 4217 divini
1725 4156 2022 4220 muneris
2071 4155 2281 4242 longa
2327 4176 2451 4240 per
2495 4162 2825 4241 tempora,

503 4254 722 4322 utillo
745 4259 1072 4341 regnante
1105 4253 1198 4321 sit
1213 4276 1561 4340 corporum
1594 4257 1852 4323 sanitas
1882 4257 1950 4321 in
1983 4259 2226 4344 patria,
2248 4266 2320 4325 et
2335 4279 2465 4344 pax
2495 4259 2828 4325 inviolata

505 4360 597 4424 sit
653 4360 723 4424 in
783 4379 1014 4445 regno,
1075 4365 1147 4425 et
1204 4359 1502 4445 dignitas
1559 4360 1862 4446 gloriosa
1918 4362 2176 4448 regalis
2234 4361 2472 4448 palatii
2529 4363 2826 4428 maximo
