3117 5025
530 368 656 431 168
1251 370 1689 438 Consecratio
1733 372 2111 455 Viryinum.

520 557 789 623 flamma
817 560 992 643 quod
1037 564 1212 637 urat,
1248 561 1364 625 sed
1407 562 1637 626 divina
1664 562 1884 646 pietas
1915 561 2089 647 quod
2136 563 2427 635 coronet,
2460 577 2659 642 quam
2696 556 2841 640 jam

518 660 587 724 in
620 660 744 727 hoc
777 662 1017 726 saeculo
1047 665 1469 729 conversatio
1498 666 1822 752 religiosa
1850 663 2222 730 mundavit.
2311 663 2550 729 Amen.

607 764 916 850 Hincque
961 767 1261 832 tribunal
1308 770 1539 834 aeterni
1580 771 1765 854 regis
1812 789 2199 845 ascensura,
2231 766 2545 849 celsaque
2589 764 2849 850 palatia

518 888 670 931 cum
717 868 970 933 eisdem
1022 870 1344 935 merearis
1396 872 1795 955 portionem,
1842 871 1959 955 qui
2014 873 2391 955 sequuntur
2442 869 2712 953 Agnum
2767 874 2839 932 et

521 974 798 1035 cantant
862 972 1195 1037 canticum
1257 993 1502 1038 novum
1574 975 1717 1039 sine
1779 973 2177 1048 cessatione,
2240 970 2381 1035 illic
2438 975 2844 1055 perceptura

519 1074 860 1157 praemium
891 1082 1047 1160 post
1089 1076 1413 1153 laborem,
1446 1098 1839 1161 semperque
1884 1097 2160 1141 maneas
2203 1076 2274 1139 in
2302 1074 2580 1159 regione
2611 1074 2840 1136 viven-

519 1175 726 1239 tium:
772 1181 994 1261 atque·
1034 1178 1182 1262 ipse
1239 1183 1311 1243 te
1369 1180 1806 1259 beneffldicat
1862 1180 1946 1244 de
2009 1178 2197 1244 coelis
2257 1176 2393 1260 qui,
2441 1195 2564 1260 per
2620 1175 2840 1238 crucis

521 1278 922 1361 passionem,
955 1281 1318 1345 humanum
1363 1301 1581 1367 genus
1611 1282 1929 1368 dignatus
1976 1287 2083 1347 est
2127 1279 2454 1344 redimere
2500 1279 2570 1341 in
2614 1278 2839 1354 terris,

518 1380 561 1444 J
565 1401 723 1445 esus
768 1381 1081 1447 Christus
1120 1382 1451 1448 Dominus
1496 1389 1749 1461 noster,
1780 1384 1894 1469 qui
1940 1405 2090 1448 cum
2131 1385 2488 1447 co-aeterno
2518 1380 2723 1445 Patre
2767 1386 2840 1444 et

522 1482 780 1567 Spiritu
813 1485 1061 1550 Sancto
1092 1486 1159 1548 in
1206 1487 1535 1551 Trinitate
1568 1487 1866 1571 perfecta
1895 1486 2064 1551 vivit
2094 1491 2165 1549 et
2207 1486 2451 1569 regnat
2479 1481 2685 1558 Deus,
2717 1501 2843 1564 per

519 1586 743 1650 omnia
773 1588 1016 1651 saecula
1047 1588 1458 1654 saeculorum.
1548 1591 1785 1653 Amen.

598 1689 736 1747 Post
761 1689 877 1748 hoec
905 1691 942 1725 ff
972 1690 1170 1749 tradat
1197 1691 1383 1750 alicui
1397 1692 1600 1770 puella
1627 1711 1848 1751 cereum
1873 1690 1953 1749 ad
1979 1689 2298 1759 tenendum,
2328 1695 2379 1746 et
2407 1688 2604 1763 offerat
2625 1707 2839 1765 panem

519 1788 571 1839 et
621 1781 823 1841 vinum
874 1785 1149 1863 episcopo,
1197 1787 1513 1865 iterumque
1569 1786 1823 1864 accipiat
1868 1805 2104 1856 ceream,
2153 1791 2204 1842 et
2257 1791 2357 1841 stet
2410 1782 2698 1840 inclinata
2750 1782 2839 1838 vel

516 1884 804 1953 prostrata
850 1887 981 1938 ante
1027 1880 1213 1938 altare
1254 1900 1292 1938 a
1340 1881 1498 1957 lonqe
1543 1901 1717 1958 usque
1763 1879 2133 1940 communicet
2174 1885 2225 1936 et
2276 1877 2455 1937 missa
2495 1876 2698 1935 ordine
2738 1896 2842 1934 suo

505 1971 783 2047 finiatur.
864 1972 1021 2032 Item
1047 1975 1369 2053 antiphona
1395 1975 1455 2032 A
1461 1997 1607 2053 qnae
1637 1973 1776 2034 Dei.

602 2068 1051 2150 Episcopalie
1084 2072 1461 2137 benedictio
1492 2093 1700 2153 cuper
1729 2093 1898 2136 eam.

606 2169 911 2248 Effunde,
971 2171 1280 2250 Domine,
1349 2194 1751 2258 quaesumus,
1821 2173 2431 2261 beneffldictionem
2500 2168 2840 2234 coelestem

518 2290 721 2355 super
764 2273 937 2338 hanc
983 2274 1304 2339 famulam
1337 2280 1524 2339 tuam
1569 2275 1659 2341 N.
1708 2295 2005 2340 sororem
2047 2280 2370 2350 nostram,
2403 2294 2545 2357 quae
2591 2271 2842 2335 devota

514 2379 738 2437 mente
764 2395 837 2439 se
860 2377 1211 2454 humiliat;
1256 2377 1575 2442 universa
1601 2378 1848 2443 delicta
1867 2377 2111 2463 fugiat,
2133 2378 2473 2460 societque
2500 2374 2629 2439 sibi
2652 2374 2835 2438 bona

516 2475 850 2543 desideria
877 2483 1270 2566 praeparata,
1301 2486 1381 2546 ut
1409 2481 1601 2566 regni
1633 2481 1925 2547 coelestis
1970 2484 2204 2547 sancta
2234 2478 2587 2565 conquirat
2627 2476 2841 2541 lucra.

519 2581 754 2647 Amen.

602 2683 850 2749 Pareat
895 2704 1161 2771 semper
1202 2687 1448 2751 divinis
1502 2686 1873 2772 praeceptis,
1919 2691 2017 2764 ut,
2062 2691 2130 2751 te
2177 2685 2564 2768 adjuvante,
2610 2682 2842 2745 vincat

513 2785 820 2850 incendia
849 2789 1091 2866 carnis,
1116 2810 1510 2874 omnemque
1542 2789 1882 2854 libidinem
1907 2811 2128 2875 pravae
2156 2788 2529 2872 voluptatis
2561 2792 2841 2870 superet

513 2908 739 2951 amore
792 2891 1168 2967 castitatis;
1216 2893 1461 2955 habeat
1507 2892 1578 2955 in
1625 2912 1697 2956 se
1742 2892 1962 2955 oleum
2008 2891 2410 2967 sanctitatis,
2454 2894 2525 2953 et
2567 2887 2840 2951 laetetur

511 3010 662 3053 cum
692 2989 1113 3075 lampadibus
1145 2994 1596 3077 sempiternis.
1685 2995 1925 3058 Amen.

600 3090 836 3157 Gestet
879 3094 948 3157 in
979 3095 1286 3160 manibus
1333 3095 1475 3159 suis
1517 3095 1703 3160 faces
1734 3099 2023 3172 sanctas,
2058 3101 2125 3158 et
2167 3092 2343 3178 apud
2391 3093 2730 3179 sapientes
2760 3093 2841 3155 et

507 3181 922 3261 castissimas
974 3198 1257 3274 animas,
1298 3198 1464 3263 duce
1510 3197 1803 3275 Christe,
1848 3197 2128 3263 introire
2171 3202 2512 3261 mereatur
2548 3196 2831 3279 januam

511 3297 704 3383 regni
734 3298 1045 3364 coelestis.
1132 3302 1370 3364 Amen.

597 3401 783 3485 Quod
814 3402 959 3488 ipse
986 3409 1307 3488 praestare
1337 3402 1679 3489 dignetur.

589 3502 730 3562 Post
755 3506 871 3563 hoec
897 3507 1176 3583 relinquet
1198 3507 1396 3584 puella
1423 3526 1642 3565 cereum
1668 3523 1856 3576 suum,
1887 3511 1938 3563 et
1965 3505 2161 3580 offerat
2178 3522 2396 3582 panem
2422 3510 2472 3561 et
2499 3502 2701 3560 vinum
2727 3501 2832 3560 hoc

512 3599 691 3657 modo.
788 3599 968 3678 Virqo
996 3600 1126 3660 Deo
1152 3601 1369 3674 dicata,
1397 3609 1637 3679 atraque
1664 3620 1862 3671 manu,
1895 3599 2124 3677 dextera
2142 3607 2421 3677 patenam
2459 3616 2589 3655 cum
2615 3596 2824 3667 hostia,

505 3695 571 3753 in
624 3694 869 3753 sinistra
920 3697 1156 3754 calicem
1207 3717 1337 3755 cum
1389 3697 1543 3755 vino.
1629 3695 1715 3756 Et
1758 3670 2193 3773 procedensad
2240 3691 2584 3770 offerendum
2631 3690 2829 3748 mittat

499 3872 535 3906 ¹¹*
572 3872 687 3927 The
722 3872 828 3927 last
862 3879 988 3945 part
1022 3873 1082 3929 of
1112 3874 1223 3929 this
1248 3874 1407 3931 Office
1431 3875 1478 3930 is
1502 3893 1535 3930 a
1558 3875 1818 3930 confused
1852 3880 2240 3945 arrangement
2274 3873 2337 3928 of
2368 3872 2463 3927 the
2497 3871 2831 3944 concluding

503 3962 714 4016 rubrics
737 3962 800 4016 of
815 3969 925 4022 two
949 3962 1204 4018 different
1226 3964 1394 4018 forms
1418 3963 1480 4019 of
1498 3964 1592 4019 th‘e
1617 3963 1779 4019 office.

576 4049 737 4102 From
772 4049 904 4103 Post
937 4049 1049 4103 hoec
1069 4051 1255 4105 tradat
1290 4057 1346 4105 to
1381 4052 1478 4105 the
1502 4051 1613 4106 end
1650 4051 1714 4105 of
1742 4050 1839 4105 the
1873 4048 2158 4121 Episcopal
2196 4046 2540 4104 benediction
2579 4046 2676 4102 the
2712 4052 2841 4103 text

505 4136 554 4189 is
602 4136 794 4208 nearly
842 4136 1107 4193 identical
1165 4138 1301 4192 with
1350 4138 1446 4193 the
1501 4137 1847 4193 Winchester
1901 4136 2197 4191 Pontifical
2246 4135 2304 4188 in
2362 4134 2458 4189 the
2505 4132 2839 4205 Cambridge

505 4223 820 4295 University
845 4222 1110 4296 Librar53
1151 4225 1245 4280 the
1282 4224 1591 4280 remainder
1629 4224 1763 4279 with
1803 4224 1898 4279 the
1923 4227 2006 4294 (so
2041 4222 2236 4295 called)
2265 4220 2497 4277 Lineoln
2536 4219 2839 4276 Pontifical

509 4310 567 4362 in
596 4310 687 4365 the
712 4328 859 4366 same
884 4310 1134 4384 Library.
