3117 5025
508 367 638 431 226
1253 370 1691 434 Consecratio
1722 369 2078 450 Episcopi.

592 572 694 633 Ita
721 573 906 650 iqitur
930 571 1289 631 eaeaminatus
1329 580 1380 631 et
1407 573 1535 631 bene
1574 573 1899 643 instructus,
1933 592 2062 630 cum
2100 590 2366 630 consensu
2405 570 2737 629 clericorum
2776 575 2832 626 et

514 670 795 729 laicorum
822 688 891 726 ac
930 675 1200 727 conventu
1227 667 1399 726 totius
1431 667 1748 745 provinciae
1788 667 2192 745 episcoporum,
2222 667 2290 724 in
2329 665 2557 724 nomine
2582 662 2836 723 Domini

517 765 834 824 ordinetur.

594 858 826 917 Deinde
852 865 1053 915 cantor
1078 856 1331 934 incipiat
1358 857 1737 935 antiphonam
1763 856 1842 914 ad
1867 856 2192 929 introitum,
2218 864 2269 915 et
2295 864 2475 915 cetera
2503 876 2569 913 ex
2594 874 2764 913 more.

606 955 938 1036 Sequitur
967 953 1216 1015 oratio·

606 1056 860 1120 Adesto
892 1053 1492 1138 supplicationibus
1534 1053 1809 1131 nostris,
1844 1054 2260 1140 omnipotens
2307 1052 2510 1129 Deus,
2543 1057 2621 1117 ut
2660 1051 2838 1137 quod

521 1158 926 1224 humilitatis
969 1163 1214 1222 nostroe
1254 1157 1621 1243 gerendum
1667 1160 1774 1220 est
1817 1156 2211 1235 ministerio,
2238 1162 2370 1222 tuae
2415 1156 2688 1221 virtutis
2719 1158 2844 1218 im-

525 1262 793 1349 pleatur
822 1261 1087 1325 effectu.
1175 1260 1304 1324 Per
1332 1259 1710 1323 Dominum.

607 1364 691 1423 Et
716 1371 897 1423 cetera
924 1383 989 1420 ex
1013 1383 1166 1421 more
1205 1370 1504 1421 cantentur
1530 1382 1702 1440 usque
1729 1362 1809 1421 ad
1847 1361 2234 1441 repetitionem
2261 1359 2536 1438 Alleluya
2561 1360 2646 1420 vel
2670 1379 2847 1436 usque

529 1459 610 1517 ad
636 1458 902 1516 ultimum
929 1477 1149 1515 versum
1175 1464 1405 1515 tractus.
2386 1449 2393 1456 ’

616 1552 884 1622 Interim,
932 1551 1072 1609 dum
1113 1551 1227 1608 haec
1255 1552 1435 1627 flunt,
1465 1550 1795 1626 eyrediatur
1835 1548 2277 1608 archidiaconus
2315 1569 2444 1607 cum
2484 1548 2758 1627 acolythis
2798 1555 2852 1606 et

531 1648 891 1719 subdiacon0‚
919 1653 970 1703 et
994 1645 1205 1703 induat
1231 1644 1421 1722 ipsum
1447 1646 1678 1702 electum
1705 1645 2040 1714 dalmatica,
2063 1644 2320 1720 planeta,
2343 1650 2395 1701 et
2421 1643 2707 1720 compayis
2731 1665 2755 1714 ;
2795 1651 2850 1701 et

534 1742 649 1801 duo
687 1740 954 1818 episcopi,
986 1739 1146 1815 capis
1187 1738 1402 1810 induti,
1444 1738 1727 1796 deducant
1766 1759 1893 1796 eum
1931 1738 2192 1814 superius
2232 1745 2360 1795 ante
2400 1738 2599 1809 altare,
2628 1745 2678 1795 et
2718 1758 2847 1796 con-

523 1843 749 1910 ‚vertens
774 1855 829 1892 se
856 1833 1309 1909 archiepiscopus
1335 1832 1414 1890 ad
1439 1831 1880 1902 circumstantes,
1907 1831 2067 1888 dicat
2092 1832 2239 1889 hanc
2265 1833 2596 1889 orationem.

626 1929 928 2005 OremuS,
959 1927 1381 1991 dilectissimi
1409 1928 1625 2003 nobis,
1657 1932 1735 1992 ut
1761 1926 1917 1989 huic
1947 1926 2092 1990 viro
2123 1927 2209 1990 ad
2238 1925 2522 1990 utilitati
2555 1925 2850 1990 ecclesiae

538 2031 917 2119 providens,
971 2029 1354 2115 benignitas
1412 2030 1888 2115 omnipotentis
1936 2028 2064 2092 Dei
2114 2029 2349 2114 gratiae
2412 2050 2546 2093 suae
2596 2031 2856 2095 tribuat

541 2135 950 2221 largitatem.
998 2135 1145 2197 sine
1175 2133 1326 2196 Per.

623 2238 708 2297 Et
731 2246 929 2296 statim
969 2243 1226 2295 cantetur
1265 2236 1481 2294 litania
1523 2255 1561 2293 a
1602 2236 1816 2294 duobus
1843 2236 2136 2314 episcopis,
2165 2245 2216 2294 et
2244 2244 2575 2314 prosternat
2611 2258 2667 2294 se
2694 2237 2853 2295 ordi-

538 2342 708 2394 nator
743 2331 919 2391 simul
944 2351 1074 2389 cum
1099 2330 1264 2388 electo
1302 2337 1354 2387 et
1394 2331 1590 2389 ceteris
1617 2338 1745 2389 ante
1787 2331 1971 2388 altare
2009 2352 2177 2408 super
2211 2338 2522 2389 stramenta
2549 2331 2630 2388 ad
2671 2332 2855 2390 basim

541 2430 792 2500 altaris;
831 2446 1065 2503 cumque
1102 2425 1288 2483 dictus
1310 2423 1500 2501 fuerit
1538 2426 1640 2484 ille
1677 2446 1885 2498 versus,
1931 2426 2022 2485 Ut
2059 2424 2525 2504 archipraesulem
2567 2434 2853 2498 nostrum,

545 2525 703 2583 dicat
728 2524 847 2600 ipse
872 2522 968 2580 hos
994 2540 1201 2581 versus.

628 2618 731 2683 Ut
758 2618 934 2681 hunc
967 2614 1255 2680 electum
1284 2614 1679 2680 benedicere
1710 2616 2050 2702 digneris3

635 2722 733 2786 Ut
760 2720 939 2783 hunc
973 2767 986 2782 .
1024 2767 1037 2781 .
1075 2718 1131 2781 .''‘

552 2874 566 2887 .
602 2872 616 2887 .
652 2871 670 2888 .
700 2827 890 2886 tuum
934 2841 1139 2885 cornu
1191 2818 1424 2904 gratiae
1470 2820 1909 2885 sacerdotalis
1951 2820 2434 2885 benedictionis
2478 2826 2609 2885 tuae
2655 2822 2725 2884 in
2779 2843 2861 2886 eo

553 2924 818 2990 effunde
893 2923 1233 2987 virtutem.
1353 2923 1483 2986 Per
1555 2921 1912 2987 Dominum
1989 2929 2318 2990 nostrum.
2442 2926 2522 2989 In
2599 2924 2864 2989 unitate

555 3026 879 3111 ejusdem.

640 3126 807 3197 Quod
831 3123 1084 3201 sequitur
1109 3124 1339 3182 dicatur
1364 3124 1528 3182 modo
1545 3124 1928 3202 praefationis.

641 3224 773 3288 Per
803 3220 1023 3286 omnia
1054 3219 1295 3284 saecula
1326 3219 1739 3285 saeculorum.
1829 3221 2063 3285 Amen.

642 3322 967 3390 Dominus
997 3322 1360 3386 vobiscum.
1735 3332 1741 3337 '

645 3430 927 3495 Sursum
958 3425 1179 3490 corda.

563 3536 570 3541 ’
647 3528 918 3598 Gratias
947 3546 1227 3612 agamus
1257 3524 1543 3591 Domino
1574 3527 1716 3593 Deo
1747 3534 2000 3594 nostro.

645 3635 822 3699 Vere
863 3631 1135 3716 dignum
1190 3634 1261 3695 et
1306 3629 1566 3714 justum
1617 3637 1741 3710 est,
1788 3653 2048 3716 aequum
2096 3639 2166 3698 et
2217 3634 2535 3712 salutare,
2582 3656 2704 3700 nos
2747 3636 2875 3702 tibi

560 3755 823 3821 semper
853 3739 921 3798 et
951 3734 1195 3816 ubique
1241 3734 1502 3818 gratias
1542 3755 1766 3819 agere,
1798 3734 2102 3813 Domine,
2136 3742 2366 3801 sancte
2409 3738 2634 3816 Pater,
2666 3741 2877 3804 omni-

560 3845 802 3928 potens
843 3839 1088 3899 aeterne
1133 3834 1355 3913 Deus3
1403 3837 1619 3901 honor
1663 3839 1958 3902 omnium
2003 3839 2427 3924 dignitatum,
2460 3862 2603 3925 quae
2647 3843 2876 3927 gloriae

556 3950 687 4009 tuae
731 3937 938 4006 sacris
967 3936 1380 4003 famulantur
1410 3941 1789 4019 ordinibus;
1834 3942 2042 4020 Deus,
2073 3944 2187 4024 qui
2232 3945 2516 4028 Moysen
2545 3946 2872 4012 famulum

555 4053 746 4114 tuum
788 4040 1028 4108 secreti
1056 4040 1411 4107 familiaris
1442 4045 1656 4110 affatu
1699 4045 1878 4111 inter
1907 4050 2134 4112 cetera
2163 4045 2452 4112 coelestis
2482 4048 2879 4115 documenta

566 4268 598 4302 ⁴·
640 4266 693 4318 A
717 4261 846 4319 folio
871 4260 971 4317 has
994 4262 1132 4318 been
1157 4259 1265 4315 lost
1290 4260 1432 4318 here.
