3117 5025
33 4548 84 4982 *NJ
30 3880 58 4453 *W*
30 3130 60 3791 *‘'‘—-'’‘'‘'‘-“'·⁴'

1023 350 1464 414 Consecratio
1497 349 1854 431 Episcopi.
2466 346 2594 409 225

859 779 1518 860 [CONSECRATIO
1564 778 2014 864 EPISCOPI.]

282 1034 296 1048 .
336 1035 350 1049 .
389 1034 403 1049 .
440 987 609 1050 simo
664 992 821 1070 post
864 987 1418 1052 resurrectionem
1467 1008 1617 1050 cum
1672 1007 1868 1051 carne
1925 1007 2061 1070 qua
2110 985 2482 1049 resurrexit
2527 989 2596 1048 et

280 1090 506 1153 anima
551 1090 931 1154 ascendisse
978 1091 1046 1153 in
1092 1089 1364 1164 coelum3
1413 1094 1483 1154 et
1528 1090 1761 1154 sedere
1807 1089 1893 1153 ad
1937 1088 2286 1152 dexteram
2332 1086 2597 1163 Patris3

278 1191 437 1256 inde
501 1198 855 1256 venturum
914 1192 1220 1275 judicare
1281 1193 1469 1257 vivos
1537 1198 1607 1257 et
1666 1197 1989 1268 mortuos,
2052 1195 2122 1255 et
2186 1189 2599 1254 redditurum

280 1295 640 1379 unicuique
673 1297 1032 1360 secundum
1064 1317 1269 1379 opera
1301 1317 1443 1373 sua,
1479 1296 1620 1361 sive
1651 1297 1828 1361 bona
1857 1296 2110 1360 fuerint
2140 1296 2281 1360 sive
2312 1295 2533 1360 mala?

369 1398 708 1474 Assenti0,
742 1404 809 1463 et
839 1399 938 1462 ita
967 1398 1184 1463 cred0.

366 1502 858 1585 Interroyatz’o.
947 1501 1180 1565 Credis
1227 1506 1295 1565 et
1344 1500 1664 1586 Spiritum
1719 1500 2034 1564 Sanctum
2080 1499 2351 1583 plenum
2399 1504 2599 1584 atque

283 1604 654 1687 perfectum
708 1625 1068 1687 verumque
1119 1603 1358 1681 Deum,
1407 1625 1449 1668 a
1500 1605 1703 1668 Patre
1756 1603 2062 1686 Filioque
2111 1603 2600 1687 procedentem,

284 1705 714 1790 co-aequalem
747 1711 818 1769 et
840 1706 1397 1783 co-essentialem,
1422 1706 2053 1791 co-omnipotentem
2085 1711 2156 1770 et
2177 1713 2604 1771 eo-aeternum

285 1830 408 1893 per
439 1809 660 1873 omnia
690 1808 877 1873 Patri
909 1814 978 1873 et
1008 1809 1227 1874 Filio}

376 1911 610 1976 Credo,

372 2014 864 2097 Interroqatia
956 2012 1189 2078 Credis
1243 2015 1414 2079 hanc
1469 2017 1771 2079 sanctam
1820 2013 2218 2078 Trinitatem
2272 2034 2405 2077 non
2462 2018 2604 2079 tres

285 2118 470 2182 Deos
504 2117 620 2181 sed
651 2138 856 2180 unum
887 2117 1101 2182 Deum
1135 2118 1678 2201 omnipotentem,
1704 2122 2044 2194 aeternum,
2077 2118 2503 2198 invisibilem,
2537 2126 2606 2185 et

282 2221 896 2285 incommutabilem
916 2222 941 2285 ’ἔ

375 2324 466 2387 R.
558 2321 790 2386 Crede.

370 2428 866 2510 Interroqatio.
958 2425 1191 2491 Credis
1238 2430 1540 2490 sanctam
1586 2424 1999 2491 Catholicam
2033 2430 2104 2489 et
2147 2424 2603 2509 Apostolicam

283 2554 490 2596 unam
522 2552 669 2594 esse
701 2550 928 2593 veram
975 2529 1357 2605 Ecclesiam,
1387 2531 1458 2592 in
1489 2551 1622 2613 qua
1665 2530 1866 2593 datur
1906 2550 2108 2593 unum
2153 2530 2489 2615 baptisma
2536 2539 2604 2594 et

283 2656 449 2698 vera
478 2633 783 2696 remissio
816 2632 1104 2713 omnium
1136 2633 1604 2717 peccatorum}

377 2738 469 2799 R.
561 2735 795 2799 Credo,

375 2838 867 2920 Interroyatio.
957 2837 1512 2902 Anathematizas
1556 2837 1770 2902 etiam
1827 2858 2085 2902 omnem
2138 2836 2443 2900 haeresim
2498 2859 2610 2900 ex-

285 2940 637 3004 tollentem
670 2959 740 3002 se
774 2939 1096 3003 adversus
1126 2940 1299 3004 hanc
1332 2946 1637 3005 sanctam
1670 2940 2022 3006 ecclesiam
2052 2941 2496 3005 catholicam}

381 3045 469 3107 R.
561 3042 1096 3107 AnathematizO.

379 3148 871 3229 Interroyatio.
965 3146 1197 3210 Credis
1231 3146 1435 3210 etiam
1467 3168 1693 3212 veram
1725 3146 2286 3210 resurrectionem
2319 3146 2615 3230 ejusdem

296 3249 539 3323 carniS,
573 3268 772 3330 quam
803 3269 978 3311 nunc
1007 3253 1260 3332 gestas,
1294 3253 1363 3312 et
1393 3249 1603 3313 vitam
1636 3254 1972 3314 aeternam.

383 3352 472 3413 R.
565 3350 799 3414 Credo.

381 3455 873 3536 Interroyatz‘o.
964 3453 1197 3517 Credis
1258 3453 1461 3517 etiam
1522 3452 1679 3516 novi
1737 3457 1807 3516 et
1865 3450 2115 3517 veteris
2176 3452 2617 3530 Testamenti,

294 3558 501 3642 Legis
543 3560 611 3618 et
654 3555 1141 3639 Prophetarum
1188 3560 1257 3620 et
1299 3555 1800 3641 Apostolorum,
1831 3577 2034 3620 unum
2081 3576 2230 3618 esse
2277 3561 2617 3620 auctorem

299 3661 517 3725 Deum
548 3680 626 3723 ac
657 3658 1017 3722 Dominum
1050 3660 1615 3744 omnipotentem?

389 3762 625 3826 Credo.

383 3863 470 3921 Et
494 3864 728 3921 dicatur
754 3862 825 3919 ei.

383 3961 548 4024 Haec
592 3958 718 4023 tibi
763 3957 929 4021 fides
977 3961 1309 4042 augeatur
1353 3979 1394 4023 a
1437 3957 1724 4022 Domino
1778 3958 1862 4023 ad
1908 3974 2131 4023 veram
2185 3960 2255 4023 et
2299 3961 2618 4022 aeternam

296 4060 803 4136 beatitudinem,
836 4059 1271 4124 dilectissime
1303 4060 1517 4124 frater
1547 4060 1618 4123 in
1650 4060 1939 4125 Christo.

394 4164 469 4222 Et
497 4163 872 4240 respondeant
899 4183 1104 4221 omnes.

389 4261 628 4324 Amen.

477 4363 671 4425 Pont.
705 4360 790 4423 28
