3117 5025
807 465 990 528 Ordo
1021 464 1432 528 Includendi
1463 459 1833 529 Famulam
1864 467 2014 531 Dei.
2487 465 2567 529 81

404 715 752 784 INCIPIT
797 720 1038 786 ORDO
1082 720 1189 787 IN
1191 721 1663 788 OLUDENDI
1708 722 2171 790 FAMULAM
2218 721 2397 788 DEI.

331 920 411 985 R.
503 923 945 990 Emendemus
988 926 1058 989 in
1091 925 1329 991 melius
1376 949 1518 1011 quae
1564 929 1957 1014 ignoranter
1998 928 2443 1014 peccavimus,
2474 946 2559 989 ne

238 1023 458 1088 subito
498 1027 938 1111 praeoccupati
966 1028 1073 1092 die
1119 1030 1374 1106 mortis,
1405 1051 1776 1114 quaeramus
1820 1033 2108 1117 spatium
2156 1029 2557 1116 poenitentiae

241 1130 312 1190 et
364 1125 664 1193 invenire
724 1151 856 1193 non
915 1131 1270 1215 possimus.
1361 1133 1675 1211 Attende‚
1728 1134 2033 1212 Domine,
2088 1140 2158 1201 et
2215 1133 2576 1207 miserere,-

240 1226 398 1309 quia
426 1231 844 1314 peccavimus
874 1232 1018 1297 tibi.

94 1353 101 1394 ι
323 1331 670 1398 Psalmus.
760 1333 1188 1399 Peccavimus
1212 1355 1359 1399 cum
1383 1336 1689 1422 patribus
1712 1337 1985 1414 nostris,
2005 1338 2255 1423 injuste
2275 1334 2558 1420 egimus,

238 1429 658 1515 iniquitatem
688 1435 990 1500 fecimus.

326 1536 639 1602 Attende.

316 1637 521 1696 Postea
544 1647 863 1716 prosternat
887 1661 943 1698 se
967 1642 1220 1700 sacerdos
1245 1660 1413 1720 super
1439 1642 1639 1715 attare,
1667 1644 1903 1703 dicendo
1929 1644 2026 1702 Ῑιοε
2052 1643 2312 1721 psalmos.

318 1731 624 1810 Domine,
656 1756 738 1799 ne
768 1735 838 1798 in
867 1735 1117 1813 furore,
1146 1739 1194 1801 i.
1285 1736 1426 1823 [vi.]

319 1833 624 1913 Domine,
656 1836 982 1901 Dominus
1012 1843 1261 1903 noster.
1355 1839 1546 1925 [viii.]

319 1937 656 2002 Exaudiat
682 1943 751 2002 te
782 1939 1126 2004 Dominus.
1219 1940 1408 2020 [xix]

320 2039 515 2104 Beati
546 2062 847 2124 quorum.
938 2040 1176 2128 [xxxi.]

313 2141 359 2205 J
361 2142 574 2217 udica,
607 2143 910 2219 Domine,
941 2150 1281 2209 nocentes.
1371 2144 1651 2232 [xxxiv.]

316 2243 621 2321 Domine,
652 2267 735 2309 ne
765 2247 834 2309 in
865 2247 1113 2324 furore,
1143 2250 1222 2311 ii.
1256 2246 1560 2335 [xxxvii.]

68 2293 91 2395 Ι
324 2347 576 2411 Beatus
607 2349 723 2431 qui
751 2348 1095 2434 intelligit.
1191 2349 1335 2435 [xl.]

319 2449 365 2514 J
366 2449 562 2514 udica
590 2471 718 2529 me,
750 2450 954 2529 Deus,
987 2455 1058 2517 et
1087 2451 1412 2518 discerne.
1506 2453 1702 2533 [xlii]

319 2553 666 2618 Miserere.
756 2553 853 2639 [1.]

315 2657 593 2722 Inclina.
688 2657 967 2737 [lxxxv]

316 2759 618 2839 Domine,
650 2762 910 2838 exaudi,
940 2764 985 2826 i.
1081 2762 1215 2842 [οἱ]

318 2865 605 2928 Benedic
635 2866 713 2928 ii.
743 2886 959 2948 usque
991 2869 1089 2928 ad
1119 2867 1417 2950 abyssos.
1511 2866 1642 2947 [eii.
1678 2869 1748 2929 1-
1763 2868 1831 2953 5]

315 2966 417 3030 De
448 2967 816 3051 profundis.
911 2968 1183 3046 [cxxix]

308 3068 613 3146 Domine,
647 3090 781 3132 non
812 3074 918 3134 est
948 3069 1345 3134 exaltatum.
1433 3070 1686 3157 [cxxx]

308 3171 613 3248 Domine,
647 3172 904 3250 exaudi,
938 3175 1014 3249 ii,
1104 3172 1335 3258 [cxlii.]

303 3274 510 3332 Postea
536 3294 665 3332 eum
692 3275 1042 3332 orationibus
1066 3275 1415 3351 sequentibus
1441 3275 1568 3333 istis
1596 3275 1791 3334 tribus.

317 3369 584 3433 oratic.
674 3368 877 3444 Deus,
933 3369 1046 3452 qui
1090 3370 1426 3453 justificas
1478 3370 1753 3453 impium
1806 3373 1877 3435 et
1927 3391 2060 3434 non
2108 3370 2210 3433 vis
2261 3372 2544 3433 mortem

219 3476 666 3555 peccatorum,
698 3473 1123 3554 majestatem
1168 3478 1354 3536 tuam
1399 3473 1791 3558 suppliciter
1834 3473 2282 3558 deprecamur,
2323 3477 2401 3535 ut
2443 3471 2542 3535 fa·

222 3573 471 3637 mulam
502 3578 688 3637 tuam
721 3574 801 3637 de
832 3580 953 3639 tua
981 3574 1437 3638 misericordia
1473 3575 1912 3640 confidentem
1947 3574 2197 3639 coelesti
2226 3579 2544 3659 protegas

218 3675 550 3760 benignus
609 3676 861 3740 auxilio
922 3681 994 3741 et
1052 3676 1324 3741 assidua
1381 3677 1795 3761 protectione
1857 3697 2230 3753 conserves,
2280 3681 2357 3740 ut
2416 3675 2543 3740 tibi

206 3776 472 3862 jugiter
522 3777 889 3841 famuletur
947 3781 1016 3842 et
1067 3776 1274 3842 nullis
1336 3779 1888 3864 temptationibus
1940 3799 1983 3843 a
2039 3783 2109 3842 te
2170 3783 2541 3862 separetur.

218 3881 351 3944 Per
379 3879 755 3943 Dominum.

325 3982 593 4046 oratic.
704 3982 940 4059 Tuere‚
1002 4002 1402 4066 quaesumus,
1458 3982 1762 4059 Domine,
1824 3981 2143 4047 famulam
2202 3988 2410 4058 tuam,
2473 3986 2542 4046 et

213 4084 667 4149 intercedente
712 4085 914 4150 beata
942 4085 1069 4149 Dei
1113 4086 1435 4170 genitrice
1481 4086 1704 4151 Maria
1747 4107 1896 4150 cum
1941 4086 2246 4149 omnibus
2293 4084 2543 4149 sanctis

211 4188 351 4251 tuis
396 4187 631 4272 gratiae
671 4192 800 4253 tuae
840 4188 909 4250 in
957 4208 1039 4252 ea
1083 4187 1258 4252 dona
1300 4188 1695 4273 multiplica,
1726 4193 1805 4252 ut
1848 4189 1933 4252 ab
1978 4187 2281 4252 omnibus
2326 4187 2540 4251 libera

209 4288 509 4364 offensis,
539 4288 1025 4371 temporalibus
1069 4309 1199 4352 non
1248 4289 1658 4355 destituatur
1702 4289 1969 4353 auxiliis
2000 4293 2072 4353 et
2117 4288 2539 4372 sempiternis

207 4390 507 4474 gaudeat
535 4389 891 4456 institutis.
983 4391 1113 4454 Per
1142 4391 1518 4456 Dominum.

387 4491 579 4557 Pont.
613 4491 695 4555 10
