3117 5025
497 438 598 500 De
637 437 994 500 Coloribus
1040 437 1598 501 Vestimentorum
1630 438 1703 500 in
1737 437 1925 501 Eccl.
1960 436 2364 500 Exoniensi.
2480 434 2608 498 389

443 644 542 708 De
574 647 783 709 rubeo
816 644 1060 709 colore.

392 747 666 813 Rubeus
713 748 895 814 color
923 750 1161 835 igneus
1194 754 1301 813 est
1332 754 1400 813 et
1446 749 1881 834 sanguineus,
1914 749 2180 814 caritati
2227 747 2518 833 Spiritus
2549 752 2619 811 et

507 853 817 917 effusioni
850 854 1198 939 sanguinis
1229 853 1635 930 consimilis3
1685 854 1834 918 ideo
1866 854 2158 918 utendus
2191 858 2317 929 est,

394 955 474 1019 In
504 956 762 1040 Vigilia
796 957 912 1020 et
895 977 962 1018 ιιι
997 958 1103 1020 die
1135 961 1207 1020 et
1249 977 1370 1041 per
1400 957 1884 1021 hebdomadam
1929 957 2363 1073 Pentecostes
2409 975 2621 1045 usque

499 1060 583 1124 ad
615 1060 890 1124 Festum
926 1060 1181 1124 Sanctae
1214 1060 1613 1124 Trinitatis.

387 1163 479 1228 Et
522 1163 592 1226 in
636 1163 863 1229 Festis
908 1165 1203 1227 omnium
1249 1164 1732 1247 Apostolorum
1781 1168 1851 1228 et
1903 1161 2497 1248 Evangelistarum
2545 1167 2615 1224 et

496 1267 789 1332 omnium
837 1270 1213 1353 Martyrum
1244 1289 1364 1353 per
1404 1274 1623 1332 totum
1655 1290 1928 1344 annum,
1962 1273 2207 1352 praeter
2251 1265 2621 1330 Decollati-

491 1392 685 1435 onem
739 1373 955 1436 sancti
1007 1373 1337 1437 Johannis
1395 1373 1721 1455 Baptistae
1777 1378 1848 1436 et
1900 1373 2178 1436 Festum
2229 1374 2613 1434 sanctorum

504 1477 988 1554 Innocentium,
1036 1478 1300 1562 quando
1357 1478 1718 1542 secundum
1768 1477 2140 1541 Romanum
2188 1497 2438 1538 morem
2484 1476 2625 1538 vio-

499 1581 706 1645 laceis
756 1582 1073 1646 utendum
1119 1590 1243 1658 est,
1277 1584 1436 1667 quia
1480 1583 1565 1647 ad
1607 1582 1892 1646 limbum
1941 1582 2451 1645 descenderunt.
2543 1580 2622 1642 In

500 1684 775 1749 Octavis
837 1691 1060 1749 tamen
1124 1692 1507 1750 sanctorum
1571 1686 2059 1761 Innocentium,
2117 1685 2275 1768 quia
2334 1683 2623 1748 Octavas

497 1789 1038 1854 Resurrectionis
1085 1790 1374 1875 signant,
1416 1790 1644 1854 rubeis
1689 1790 2104 1854 indumentis
2152 1793 2258 1852 est
2302 1788 2621 1852 utendum

512 1892 866 1961 similiter:

401 1996 479 2060 In
542 2002 824 2081 utroque
884 1997 1115 2061 Festo·
1151 2003 1394 2062 sanctae
1457 1996 1694 2062 Crucis
1748 2004 1821 2063 et
1880 1997 2624 2062 commemorationibus

436 2106 442 2112 ’
487 2102 808 2185 ejusdem,
842 2104 1000 2186 quia
1032 2102 1285 2167 Christi
1320 2105 1647 2189 sanguine
1681 2111 1789 2168 est
1821 2103 2262 2169 sanctificata.

443 2206 545 2269 De
577 2228 810 2270 croceo
844 2206 1091 2271 colore.

402 2309 693 2374 Croceus
724 2309 907 2374 color
951 2316 1230 2394 aspectu
1260 2315 1367 2375 est
1409 2318 1739 2386 maturus,
1761 2315 1844 2373 'et
1887 2310 2147 2374 medius
2185 2310 2366 2374 inter
2395 2310 2620 2374 album

513 2422 583 2479 et
612 2417 911 2491 rubeum,
944 2436 1107 2479 auro
1142 2415 1382 2479 similis
1411 2415 1731 2500 fulgenti.

408 2520 565 2586 Ideo
596 2521 666 2583 in
698 2522 1004 2586 omnibus
1029 2520 1253 2584 Festis
1285 2519 1783 2596 Confessorum,
1810 2527 1877 2584 et
1913 2520 2273 2584 secundum
2308 2520 2630 2604 quosdam

504 2626 574 2688 in
606 2625 811 2690 Festo
846 2623 1283 2708 Magdalenae‚
1316 2624 1572 2687 croceis
1603 2629 1711 2687 est
1743 2624 2061 2687 utendum
2100 2624 2538 2688 vestimentis.

399 2728 654 2794 Tamen
680 2729 985 2793 Ecclesia
1008 2729 1310 2792 Romana
1332 2728 1505 2793 albis
1532 2729 1753 2792 utitur
1781 2729 1850 2791 in
1877 2729 2102 2792 Festis
2128 2727 2626 2792 Confessorum.

454 2834 557 2897 De
587 2833 895 2897 violaceo
929 2832 1174 2896 colore.
2524 2826 2527 2830 ’

307 2971 314 2977 ·
410 2937 769 3001 Violaceus
789 2937 896 3001 vel
916 2958 1290 3022 purpureus
1314 2936 1540 3001 fuscus
1560 2944 1631 3001 et
1652 2937 1976 3001 obscurus
1996 2959 2073 3002 ac
2094 2938 2243 3002 visu
2261 2938 2629 3022 disparens,

512 3042 917 3127 poenitentiae
949 3048 1018 3106 et
1048 3043 1404 3126 despectus
1435 3042 1668 3105 mundi
1700 3047 1806 3105 est
1835 3042 2275 3107 indicativus:
2323 3043 2496 3117 ideo,

400 3145 481 3210 In
543 3145 893 3210 Dominica
959 3146 1176 3229 prima
1240 3146 1592 3210 Adventus
1662 3145 1949 3223 Domini,
2012 3152 2290 3232 propter
2357 3153 2625 3230 tempus

512 3252 727 3316 anxiae
761 3252 1289 3335 expectationis:

407 3356 498 3420 Et
544 3357 850 3420 omnibus
896 3355 1131 3418 diebus
1175 3355 1546 3433 ferialibuS,
1595 3349 1857 3439 quando
1905 3354 1985 3419 de
2035 3360 2331 3440 tempore
2378 3357 2628 3441 agitur,

515 3479 728 3543 usque
762 3457 846 3521 ad
876 3457 1220 3541 Vesperas
1252 3460 1321 3522 in
1352 3460 1617 3544 vigilia
1646 3459 1714 3523 N
1720 3460 2054 3524 ativitatis
2086 3459 2356 3523 Domini
2383 3483 2398 3523 :

408 3565 500 3630 Et
529 3586 570 3628 a
600 3561 929 3646 Vesperis
960 3562 1027 3624 in
1079 3562 1374 3627 Sabbato
1424 3564 1970 3650 Septuagesimae,
2004 3565 2269 3649 quando
2302 3565 2638 3629 clauditur

509 3665 830 3742 Alleluia,
895 3687 1106 3750 usque
1184 3667 1270 3731 ad
1340 3666 1606 3731 Ooenam
1683 3667 1951 3732 Domini
1984 3692 2000 3744 3
2079 3667 2186 3732 vel
2264 3669 2626 3732 secundum

517 3769 840 3855 quasdam
870 3769 1234 3846 Ecclesias,
1268 3791 1482 3854 usque
1515 3771 1936 3835 Dominicam
1971 3772 2038 3834 in
2072 3773 2429 3836 Passione.
2415 3795 2429 3811 ·

414 3874 550 3938 Et
534 3896 602 3937 m
636 3873 1162 3952 Rogationibus.

410 3978 537 4043 Et
521 4001 589 4041 m
611 3978 941 4062 Quattuor
961 3979 1403 4062 Temporibus
1437 3986 1632 4044 extra
1653 3979 2131 4043 hebdomadam
2164 3980 2633 4043 Pentecostes:

404 4081 496 4146 Et
541 4083 609 4144 in
660 4083 968 4146 omnibus
1016 4081 1294 4166 Vigiliis
1352 4082 1749 4147 Sanctorum
1796 4089 2073 4169 propter
2118 4089 2385 4167 tempus
2434 4087 2635 4167 poeni-

513 4186 779 4262 tentiae‚·
813 4188 1169 4271 purpureis
1222 4187 1332 4251 vel
1378 4187 1697 4252 violaceis
1747 4195 1851 4252 est
1905 4188 2245 4253 utendum.
2336 4181 2431 4251 Et
2477 4196 2639 4253 nota

520 4289 697 4373 quod
728 4310 1107 4375 purpureus
1141 4296 1211 4355 et
1242 4291 1582 4356 violaceus
1614 4292 1798 4356 color
1826 4313 1949 4377 pro
1982 4291 2212 4355 eodem
2248 4291 2602 4357 habentur.
