3117 5025
480 409 608 474 208
1211 418 1650 482 Consecratio
1696 417 2074 501 Virqinum.

550 614 687 674 Post
715 617 989 696 hymnum
1016 631 1212 698 surqat
1238 623 1417 699 virqo,
1450 631 1500 682 et
1528 624 1717 682 veniat
1747 631 1875 681 ante
1903 624 2101 681 altare.

546 709 832 788 Sequatur
859 715 1167 775 benedictio
1193 718 1517 776 velaminis.

554 806 958 892 Suppliciter
976 817 1068 888 te,
1088 813 1390 890 Domine,
1412 836 1752 899 rogamus,
1774 821 1849 880 ut
1873 835 2074 901 super
2097 815 2220 878 has
2246 820 2492 892 vestes,
2513 820 2782 880 tuarum

465 910 799 993 capitibus
830 914 1224 979 ancillarum
1258 916 1716 1002 imponendae,
1749 917 2203 1005 beneq-dictio
2251 924 2372 982 tua
2402 919 2793 1004 benigniter

467 1013 847 1093 descendat,
903 1023 975 1082 et
1026 1017 1165 1082 sint
1216 1019 1315 1083 hae
1368 1025 1593 1085 vestes
1647 1018 2088 1100 bene-1⁴dictae
2140 1025 2211 1084 et
2262 1025 2664 1084 consecratae
2718 1028 2790 1084 et

463 1113 907 1184 immaculatae
940 1124 1010 1184 et
1040 1126 1286 1186 sanctae
1317 1121 1426 1186 his
1456 1121 1721 1187 ancillis
1752 1122 1911 1188 tuis.
1999 1122 2131 1187 Per
2161 1122 2525 1187 Christum.

466 1216 706 1372 difflg
758 1220 1018 1299 imponat
1070 1222 1359 1300 episcopus
1413 1223 1664 1283 velamen
1718 1245 1887 1302 super
1939 1232 2111 1303 caput
2166 1225 2462 1283 inclinatoe
2514 1223 2786 1299 viryinis,

556 1361 800 1494 Accipe
854 1410 1108 1497 Christi
1162 1413 1353 1498 virgo
1412 1413 1718 1495 velamen
1772 1412 2208 1498 virginitatis,
2259 1410 2351 1493 [et
2404 1423 2652 1488 cetera,
2703 1422 2782 1475 ut

466 1533 685 1592 supra
705 1535 780 1594 p.
819 1513 995 1600 159.]

551 1627 714 1687 Tunc
740 1631 902 1708 vio-90
930 1633 1178 1710 incipiat
1206 1633 1355 1691 hanc
1381 1633 1777 1710 antiphonam.

551 1723 781 1790 Induit
808 1747 913 1790 me
958 1726 1287 1791 Dominus
1334 1727 1602 1812 cyclade
1636 1749 1798 1793 auro
1845 1732 2046 1804 tecta,
2080 1734 2151 1792 et
2195 1727 2539 1791 immensis
2571 1727 2775 1790 moni-

465 1825 642 1889 libus
673 1828 938 1893 ornavit
970 1851 1097 1892 me.

457 1928 544 1986 vel
575 1930 878 2005 quamlibet
906 1932 1280 2010 antiphonam
1308 1951 1431 2009 quae
1456 1933 1769 2004 conveniat,
1802 1933 1872 1991 de
1911 1933 2155 1991 historia
2181 1939 2388 1990 sanctoe
2416 1932 2476 1987 A
2482 1932 2664 2007 qnetis
2690 1932 2778 1989 vel

460 2031 667 2081 sanctae
694 2025 755 2081 A
759 2026 960 2102 yatkoe.

538 2117 662 2179 Hic
715 2121 1002 2200 episcopus
1044 2121 1239 2199 faciat
1292 2124 1562 2194 bannum,
1623 2144 1692 2181 ne
1745 2124 1873 2201 quis
1917 2131 2239 2202 praesumat
2302 2120 2455 2179 illud
2512 2127 2772 2179 sanctum

452 2215 814 2292 propositum
840 2217 1075 2275 violare.

539 2310 660 2369 Hic
686 2312 741 2369 si
755 2312 962 2390 placet,
976 2313 1094 2387 fiat
1118 2333 1313 2371 sermo,

538 2404 809 2483 Sequitur
834 2407 1139 2466 benedictio
1177 2408 1402 2466 annuli.

544 2500 831 2569 Creator
874 2509 944 2569 et
975 2501 1360 2568 consolator
1402 2504 1679 2570 humani
1709 2505 1999 2592 generis,
2032 2501 2123 2585 [et
2154 2515 2400 2582 cetera,
2433 2515 2510 2570 ut
2555 2526 2772 2586 supra

525 2653 539 2668 .
574 2606 721 2670 160.

457 2626 515 2686 P
545 2610 895 2793 Desp]onso
924 2719 991 2776 te
1014 2712 1057 2777 J
1062 2734 1181 2777 esu
1212 2711 1500 2789 Christo,
1525 2711 1702 2776 Filio
1729 2712 1968 2776 summi
1991 2712 2237 2790 Patris,
2260 2712 2373 2796 qui
2397 2717 2464 2776 te
2495 2711 2772 2776 illaesam

458 2812 797 2876 custodiat
826 2817 896 2877 et
926 2815 1011 2878 ab
1041 2815 1221 2879 omni
1249 2813 1427 2879 malo
1457 2813 1792 2878 defendat.
1882 2816 2120 2878 Amen.

535 2911 659 2970 Hic
685 2915 952 2973 tradatur
978 2917 1244 2987 annulus,
1277 2916 1531 2974 dicendo·

542 3009 790 3094 Accipe
825 3010 1147 3075 annulum
1180 3011 1333 3075 fidei
1365 3015 1435 3075 et
1465 3010 1884 3097 signaculum
1928 3010 2358 3088 sinceritatis,
2391 3033 2519 3096 quo
2549 3013 2770 3096 possis

448 3130 680 3175 omnes
711 3112 1083 3196 pravitates
1113 3113 1413 3178 devitare
1447 3120 1519 3179 et
1548 3114 1632 3178 ad
1665 3114 2077 3199 agnitionem
2111 3114 2421 3178 veritatis
2453 3116 2700 3178 venire.

536 3213 624 3271 Et
648 3217 844 3274 statim
871 3216 1165 3276 decantent
1191 3237 1376 3275 omnes
1404 3217 1656 3293 viryines
1682 3216 1859 3275 simul
1886 3216 2231 3295 antiphonas
2257 3225 2555 3293 sequentes.

544 3311 812 3377 Annulo
847 3333 968 3378 suo
1016 3312 1399 3377 subarravit
1442 3333 1547 3375 me
1594 3311 1924 3376 Dominus
1969 3331 2158 3376 meus
2187 3311 2390 3376 Jesus
2439 3311 2770 3389 Christus,

459 3422 531 3483 et
560 3424 880 3501 tanquam
916 3435 1230 3501 sponsam
1260 3413 1604 3478 decoravit
1632 3434 1737 3477 me
1770 3434 2032 3478 corona.

544 3520 684 3605 Ipsi
738 3540 886 3583 sum
939 3519 1365 3605 desponsata,
1419 3516 1524 3581 cui
1579 3516 1806 3603 angeli
1862 3515 2186 3591 serviunt,
2234 3513 2425 3598 cujus
2478 3515 2774 3600 pulchri-

459 3623 759 3689 tudinem
791 3620 891 3686 sol
925 3625 994 3687 et
1023 3620 1184 3685 luna
1215 3620 1567 3684 mirantur.

535 3727 740 3783 Postea
749 3722 944 3800 faciat
973 3724 1132 3801 virqo
1157 3724 1305 3781 hanc
1321 3721 1745 3801 professionem,
1777 3721 1835 3780 si
1858 3729 2072 3800 tempus
2083 3719 2291 3797 fuerit.

543 3821 710 3905 Ego,
737 3840 928 3884 soror
957 3819 1069 3897 N.,
1094 3819 1415 3905 promitto
1440 3818 1884 3884 stabilitatem
1909 3838 2146 3892 meam,
2172 3821 2241 3881 et
2271 3817 2773 3882 conversionem

459 3944 716 3988 morum
781 3942 1098 3999 meorum,
1159 3928 1230 3988 et
1297 3921 1767 3999 obedientiam,
1830 3941 2055 3985 coram
2122 3919 2267 3983 Deo
2336 3919 2776 4005 omnibusque

464 4026 713 4090 sanctis
745 4024 912 4108 ejus,
945 4024 1306 4088 secundum
1351 4024 1658 4110 regulam
1691 4024 1907 4089 sancti
1956 4022 2323 4099 Benedicti,
2358 4023 2425 4085 in
2461 4022 2608 4087 loco
2655 4025 2790 4090 isto

455 4131 569 4214 qui
602 4134 708 4194 est
730 4132 1162 4193 consecratus
1192 4128 1263 4191 in
1284 4128 1539 4192 honore
1570 4126 1789 4192 sancti
1818 4127 1908 4192 N.
1941 4116 2108 4192 etin
2134 4125 2494 4211 praesentia
2522 4126 2774 4192 domini

456 4231 750 4317 episcopi
780 4231 868 4297 N.
900 4235 1104 4315 atque
1135 4229 1491 4295 abbatissae
1525 4228 1615 4293 N.

535 4335 758 4394 Deinde
781 4333 1010 4410 siqnum
1036 4332 1217 4393 crucis
1227 4331 1438 4409 faciat„
1451 4331 1517 4390 in
1530 4332 1656 4407 fine
1672 4329 2062 4409 professionis,
2097 4338 2147 4387 et
2164 4337 2345 4406 ponat
2371 4350 2540 4409 super
2566 4331 2775 4393 altare.
