3117 5025
498 420 583 485 62
1289 424 1659 491 Dedicatio
1689 421 2037 491 Ecclesiae.

570 608 803 669 Eoeimle
827 610 1018 670 veniat
1042 613 1327 691 episcopus
1353 615 1419 672 in
1446 614 1697 673 medium
1737 615 1991 689 eccle-sice,
2020 615 2100 673 ad
2124 614 2344 673 dolium
2383 635 2534 692 aqua
2552 614 2809 693 plenum.

485 703 785 764 Ministrie
824 727 950 766 vero
989 707 1039 765 ei
1077 708 1145 766 in
1184 709 1378 786 aliquo
1417 710 1641 769 vasculo
1680 711 2028 787 offerentibus
2069 712 2158 769 sal
2196 718 2248 770 et
2288 711 2529 770 cinerem
2569 712 2718 770 inter
2755 734 2811 771 se

487 798 757 872 divisum,
786 801 1069 860 benedicat
1092 802 1181 860 sal
1205 802 1455 862 dicens!

569 893 837 954 Oratione
865 905 1051 955 autem
1066 898 1266 974 finita,
1298 919 1362 956 ex
1387 899 1493 958 hac
1519 919 1673 977 aqua
1707 908 1985 973 sumatur,
2027 899 2138 981 [et]
2172 900 2414 977 sinqulis
2453 899 2625 959 doliis
2652 908 2810 960 eoetra

487 989 772 1049 ecclesiam
801 991 1008 1070 positis
1048 991 1407 1069 infundatur.
1492 994 1653 1053 Tunc
1696 995 1910 1073 aliquis
1949 997 2343 1055 ministrorum
2381 995 2449 1053 de
2488 995 2616 1073 ipsa
2656 1015 2811 1072 aqua

480 1087 834 1164 sanctificata
863 1089 1219 1166 particulam
1256 1111 1434 1149 unam
1468 1092 1536 1150 in
1576 1113 1703 1150 vase
1741 1113 1980 1167 samem,
2010 1092 2263 1172 episcopo
2290 1092 2501 1168 offerat,
2530 1091 2598 1149 in
2635 1110 2811 1167 quam

483 1182 730 1241 chrisma
768 1192 968 1261 ponat,
1014 1192 1064 1243 et
1111 1186 1190 1243 acl
1243 1186 1423 1245 altare
1468 1187 1738 1259 accedat5
1791 1188 2147 1266 depositaque
2194 1207 2339 1264 capa
2390 1186 2595 1243 liu-theo
2638 1205 2809 1263 super

483 1279 684 1338 stolam
723 1288 773 1338 et
800 1282 989 1340 albam
1027 1282 1354 1355 succinctus,
1384 1304 1449 1342 ew
1487 1283 1617 1361 ipsa
1658 1305 1809 1362 aqua
1849 1284 2147 1343 chrismate
2191 1282 2398 1360 insecta
2438 1302 2654 1340 crucem
2679 1302 2809 1340 cwm

468 1374 675 1451 pollice
700 1396 799 1434 sao
812 1376 1002 1450 saciat
1030 1377 1096 1435 in
1115 1376 1299 1435 medio
1328 1377 1532 1436 altaris
1555 1400 1580 1451 ,⁰
1619 1378 1821 1438 deinde
1847 1379 1913 1439 in
1939 1379 2166 1439 dextera
2184 1400 2208 1450 ;
2249 1386 2299 1436 et
2316 1385 2447 1457 post
2472 1377 2539 1435 in
2566 1376 2806 1435 sinistra

474 1477 645 1547 parte
671 1491 772 1548 per
798 1479 1041 1547 quatuor
1066 1493 1278 1530 cornua
1307 1473 1514 1532 dicens.

573 1566 1039 1632 Sanctificetur
1080 1569 1206 1632 hoe
1258 1567 1474 1634 altare
1525 1568 1598 1633 in
1648 1570 1912 1636 nomine
1958 1568 2183 1635 Patris
2210 1565 2284 1640 *1⁴
2327 1570 2399 1633 et
2447 1566 2607 1631 Filii
2633 1563 2707 1638 *1⁴
2737 1570 2810 1631 et

486 1667 779 1755 Spiritus
809 1668 893 1748 »Β
922 1669 1174 1735 Sancti.
1268 1670 1498 1736 Amen.

560 1772 698 1830 Post
726 1780 984 1849 asperyat
1014 1772 1077 1830 cle
1103 1772 1232 1851 ipsa
1273 1794 1425 1852 aqua
1467 1773 1620 1832 idem
1646 1774 1828 1834 altare
1853 1794 1982 1833 cum
2022 1773 2334 1853 aspersorio
2360 1793 2529 1852 ysopo
2568 1770 2806 1849 desuper

485 1875 537 1927 et
561 1867 629 1927 in
653 1866 900 1926 circuita
924 1867 1119 1946 septies
1146 1869 1428 1928 cantando
1455 1870 1601 1928 lianc
1629 1870 2021 1948 autiphonam.

568 2172 937 2260 Asper-ges
980 2196 1107 2253 me,
1139 2175 1498 2252 Do-mi-ne,
1545 2195 1587 2259 y
1618 2212 1645 2224 -
1679 2194 1752 2237 so
1785 2211 1811 2222 -
1841 2193 1927 2257 po
1998 2178 2068 2236 et
2110 2171 2386 2235 mun-da
2417 2207 2444 2219 -
2474 2172 2612 2247 bor,
2673 2168 2744 2234 la
2776 2205 2803 2218 -

489 2515 571 2559 va
601 2532 628 2544 -
660 2494 764 2560 bis
822 2516 928 2559 me
990 2501 1059 2559 et
1095 2516 1295 2580 super
1323 2493 1573 2558 ni-vem
1603 2493 1685 2558 de
1717 2531 1743 2543 -
1773 2492 2107 2558 al-ba-bor

906 2713 1086 2806 :L-
1213 2695 2560 2810 -.ΞΕΞΙΞΙ--ζῑἭ

572 2821 915 2887 Psalmus.
1005 2822 1420 2884 Mi-se-re-re
1452 2839 1557 2882 me
1589 2818 1670 2882 -i
1728 2817 1829 2882 De
1860 2856 1886 2867 -
1918 2839 2018 2882 us·
2108 2839 2144 2881 e
2207 2839 2251 2880 u
2312 2839 2351 2882 o
2412 2840 2455 2881 u
2515 2840 2557 2882 a
2615 2839 2672 2882 e.

562 2923 684 2983 His
696 2924 911 3002 finit—ie,
939 2923 1088 3001 qaod
1113 2944 1179 2982 ex
1203 2923 1333 3002 ipsa
1373 2943 1525 3000 aqua
1550 2921 1841 2996 remansit,
1869 2920 1948 2979 acl
1988 2920 2167 2980 basim
2194 2920 2399 2979 altaris
2418 2918 2716 2992 fundatur,
2750 2930 2802 2979 et

485 3042 524 3080 a
541 3021 786 3100 proesule
811 3020 1058 3079 dicatur.

572 3116 896 3181 Dominus
925 3114 1285 3180 vobiscum.

570 3220 661 3284 Et
689 3238 840 3283 cum
869 3217 1111 3302 spiritu
1141 3221 1278 3281 tuo.

571 3323 861 3388 Pateant
902 3320 986 3385 ad
1034 3321 1159 3385 hoc
1203 3320 1419 3385 altare
1464 3339 1666 3384 aures
1706 3316 2171 3383 misericordiae
2214 3319 2364 3392 tuae,
2402 3336 2800 3400 quaesumus,

486 3425 789 3501 Domine,
836 3423 1143 3510 precibus
1196 3423 1752 3508 supplicantium3
1806 3427 1877 3485 et
1919 3420 2207 3506 gratiam
2252 3420 2623 3484 divinitatis
2670 3427 2803 3486 tuae

484 3552 605 3616 per
632 3527 1057 3613 praesentiam
1091 3526 1317 3590 Sancti
1350 3525 1640 3612 Spiritus
1674 3544 1874 3609 super
1901 3523 2082 3588 istud
2106 3522 2471 3587 elementer
2492 3544 2800 3609 asperge,

480 3631 931 3697 intercedente
964 3633 1194 3694 sancto
1226 3628 1314 3693 N.
1347 3629 1411 3691 in
1456 3628 1650 3711 cujus
1679 3627 2108 3690 veneratione
2137 3627 2264 3689 hoc
2295 3646 2758 3690 consecramus
2784 3651 2800 3704 3

489 3714 707 3802 annue
753 3737 830 3796 ut
872 3731 1007 3796 vivi
1043 3730 1305 3815 lapides
1348 3751 1468 3816 per
1510 3735 1581 3794 te
1613 3730 1948 3814 erigamur
1990 3727 2059 3790 in
2106 3727 2311 3805 eoelis,
2344 3729 2553 3793 saeris
2583 3734 2803 3794 tecum

486 3833 904 3928 permansuri
950 3833 1260 3909 aedificiis,
1291 3836 1491 3916 atque
1532 3838 1612 3898 ut
1653 3832 2036 3918 petentibus
2076 3830 2184 3894 hic
2226 3830 2606 3896 desiderata
2651 3853 2804 3896 eon-

489 3942 707 4015 cedaS,
737 3936 1053 4002 Paracliti
1099 3935 1202 4001 tui
1242 3934 1613 4019 inspirante
1660 3933 2032 4009 clementia,
2065 3932 2265 3997 corda
2305 3937 2541 3998 nostra
2570 3934 2806 3999 divinae

489 4041 831 4129 sapientiae
877 4038 1293 4103 condimento
1339 4036 1701 4101 elementer
1744 4057 2061 4122 expurga,
2093 4040 2170 4100 ut
2208 4035 2334 4100 tibi
2376 4036 2625 4122 placita
2651 4059 2804 4124 pos-

487 4149 706 4218 tulare
738 4147 809 4207 et
850 4142 1064 4228 petita
1095 4140 1451 4226 dignanter
1479 4162 1521 4205 a
1549 4145 1618 4204 te
1664 4139 1964 4204 obtinere
1995 4157 2387 4203 mereamur.
2478 4139 2602 4225 Qui
2633 4140 2812 4207 vivis

490 4258 560 4318 et
588 4264 830 4333 regnas
859 4243 1044 4307 Deus
1073 4264 1195 4327 per
1223 4242 1445 4307 omnia
1475 4241 1717 4307 saecula
1748 4241 2158 4306 saeculorum.
2245 4242 2480 4306 Amen.

487 4372 522 4406 ὓ
559 4368 672 4422 The
696 4362 1040 4420 benediction
1065 4360 1112 4417 is
1137 4360 1366 4417 omitted
1392 4360 1451 4415 in
1480 4360 1574 4415 the
1599 4358 1711 4416 MS.

3081 3478 3097 3513 ‘A
