3117 5025
534 401 663 467 382
1182 402 1227 465 I
1225 350 1591 466 {stallano
1623 400 2171 501 Archiepiscopi.

534 577 890 655 Trinitati,
938 577 1108 643 illud
1151 577 1355 642 choro
1400 576 1825 653 decantante,
1870 575 2188 661 praefatus
2239 574 2547 640 dominus
2593 565 2837 635 Archi·

526 683 878 766 episcopus
938 682 1117 747 infra
1168 682 1419 746 dictum
1482 682 1730 747 ostium
1785 680 2192 745 occidentale
2241 700 2419 765 aqua
2477 676 2839 742 benedicta

527 807 848 871 asp-ersus
907 808 949 851 a
1008 785 1209 851 dictis
1263 785 1526 850 domino
1577 785 1847 850 Decano
1908 789 1977 849 et
2030 784 2462 849 thesaurario
2518 783 2585 845 in
2647 776 2844 863 capis

526 891 978 956 existentibus
1032 899 1100 955 et
1154 889 1582 954 thurificatus
1634 910 1712 954 ac
1759 889 1831 953 in
1883 888 2030 953 loco
2083 888 2386 952 inferiori
2440 887 2630 950 dictae
2683 902 2842 968 pro-

526 996 874 1071 cessionis,
935 993 1251 1059 videlicet
1301 994 1481 1059 inter
1539 993 1785 1058 ostium
1849 992 2262 1058 occidentale
2323 991 2706 1077 praedictum
2765 993 2837 1049 et

532 1099 777 1162 fontem
822 1096 1289 1184 baptismalem
1336 1097 1421 1160 ad
1466 1097 1798 1180 quoddam
1834 1096 2195 1161 scabellum
2240 1102 2319 1160 ut
2348 1094 2576 1159 decuit
2602 1112 2724 1177 pro
2758 1109 2839 1153 eo

525 1202 931 1280 ordinatum,
963 1208 1155 1268 textu
1188 1202 1329 1267 sive
1371 1201 1542 1265 libro
1588 1199 2134 1286 Evangeliorum,
2169 1200 2237 1263 in
2270 1221 2402 1285 quo
2448 1197 2833 1262 continetur

519 1308 983 1391 juramentum
1026 1328 1147 1392 per
1175 1306 1517 1370 dominum
1541 1305 2136 1390 Archiepiscopum
2161 1304 2365 1369 Ebor.
2390 1325 2538 1368 cum
2570 1298 2831 1364 venerit

525 1411 975 1476 installandus
1027 1410 1498 1496 praestandum,
1550 1410 1772 1496 posito
1826 1431 2048 1476 coram
2112 1409 2340 1473 eodem
2400 1406 2666 1470 domino
2720 1424 2827 1466 re·

520 1515 1003 1580 verendissimo
1033 1522 1245 1599 patre,
1293 1513 1798 1599 genuflectendo
1829 1511 1997 1599 legit
2030 1517 2099 1577 et
2134 1512 2396 1596 juravit
2425 1510 2494 1574 in
2538 1509 2830 1572 animam

521 1639 711 1683 suam
779 1622 1093 1704 (tangens
1162 1617 1404 1682 librum
1474 1617 1890 1702 praedictum)
1960 1617 2132 1702 quod
2201 1617 2380 1700 jura,
2449 1612 2827 1700 privilegia,

517 1723 889 1797 libertates,
941 1721 1421 1797 immunitates,
1465 1727 1536 1785 et
1591 1721 2106 1786 consuetudines
2160 1718 2460 1803 ejusdem
2515 1715 2833 1781 Ecclesiae

519 1827 715 1890 Ebor.
755 1825 890 1909 juri
936 1830 1423 1889 consentaneas
1466 1825 1874 1900 observabit,
1907 1833 1976 1890 et
2021 1846 2141 1911 pro
2189 1824 2445 1888 viribus
2490 1820 2824 1895 defendet,

521 1930 616 1994 sic
675 1930 895 2015 ipsum
949 1929 1133 1993 Deus
1185 1929 1459 2012 adjuvet
1511 1935 1580 1993 et
1625 1930 1762 1994 haec
1817 1935 2051 1994 sancta
2095 1929 2222 1993 Dei
2275 1925 2691 2011 Evangelia:
2756 1929 2829 1988 et

525 2034 796 2119 legebat
824 2035 1045 2097 Amen
1078 2033 1370 2120 positum
1402 2035 1469 2097 in
1501 2033 1632 2096 fine
1657 2033 2025 2116 juramenti
2057 2033 2125 2095 in
2157 2031 2435 2119 praefato
2465 2036 2658 2095 textu
2690 2029 2835 2093 sive

525 2138 696 2202 libro
731 2137 983 2221 scripti.

613 2241 1117 2327 Quibus‘factis
1169 2239 1575 2323 hujusmodi,
1634 2241 1721 2303 Te
1775 2240 1992 2304 Deum
2047 2240 2410 2304 laudamus
2465 2259 2507 2302 a
2559 2235 2826 2300 domino

524 2347 796 2412 Decano
851 2344 993 2411 alta
1046 2366 1205 2410 voce
1260 2345 1595 2429 inceptum
1651 2345 1897 2410 chorus
1947 2344 2357 2431 procedendo
2411 2344 2493 2409 ad
2551 2343 2830 2407 chorum

525 2452 666 2517 sive
735 2471 946 2535 usque
1003 2469 1330 2515 summum
1384 2448 1600 2516 altare
1657 2448 2046 2516 solemniter
2107 2449 2407 2516 cantavit
2457 2469 2577 2535 pro
2632 2453 2824 2532 parte

527 2578 670 2633 sua,
744 2556 1009 2621 domino
1084 2554 1414 2618 Edwardo
1500 2555 2056 2619 reverendissimo
2116 2555 2650 2639 ·Archiepiscopo
2724 2552 2832 2615 in-

524 2663 720 2726 terim
766 2659 1180 2745 procedendo
1224 2678 1459 2723 versus
1509 2679 1839 2723 summum
1883 2660 2097 2725 altare
2142 2660 2547 2745 praedictum,
2580 2657 2828 2722 ibidem

522 2773 680 2831 ante
725 2764 939 2830 altare
984 2763 1070 2828 ad
1121 2763 1452 2848 quoddam
1499 2763 1863 2827 scabellum
1911 2785 2032 2848 pro
2084 2766 2233 2850 ipso
2284 2764 2665 2828 ordinatum
2712 2760 2829 2824 do-

523 2871 743 2935 minus
774 2870 1083 2934 Decanus
1116 2868 1473 2952 praedictus
1503 2869 1786 2933 devotas
1818 2870 2159 2935 orationes
2189 2892 2336 2935 cum
2385 2868 2589 2934 certis
2620 2858 2830 2930 versi-

521 2974 692 3039 culis
724 2974 806 3037 ad
839 2972 1221 3054 hujusmodi
1250 2981 1475 3036 actum
1506 2972 1836 3036 ordinatis
1868 2993 2068 3059 super
2098 2975 2317 3058 ipsum
2347 2970 2750 3037 decantavit.

495 3073 496 3076 ’
605 3078 860 3163 Quibus
914 3077 1008 3141 sic
1056 3076 1273 3151 factis,
1319 3076 1640 3160 praefatus
1685 3077 2246 3163 Archiepiscopus
2295 3077 2696 3163 procedebat
2740 3074 2827 3139 ad

525 3181 929 3247 vestibulum
976 3187 1157 3245 retro
1204 3180 1417 3245 altare
1448 3201 1571 3263 pro
1613 3181 1760 3266 ipso
1792 3181 2192 3258 ordinatum,
2227 3187 2297 3245 et
2339 3179 2832 3272 ibidem-sacris

524 3287 828 3370 vestibus
903 3285 1201 3362 indutus,
1291 3285 1606 3366 mitratus
1681 3290 1749 3349 et
1823 3284 2167 3369 palliatus,
2249 3286 2565 3349 baculum>
2633 3305 2828 3348 suum

522 3389 930 3477 pastoralem
970 3387 1253 3474 (forsan)
1306 3393 1565 3463 tenens,
1611 3388 2014 3471 procedebat
2066 3389 2149 3453 ad
2205 3399 2532 3453 summum
2586 3387 2828 3465 altare,

523 3495 747 3579 ibique
794 3492 1294 3578 genuflectendo
1340 3492 1423 3556 ad
1472 3490 1837 3556 scabellum
1886 3497 1963 3556 ut
2005 3493 2214 3577 prius,
2245 3493 2467 3556 dictus
2510 3492 2828 3557 Decanus

526 3598 855 3682 quandam
900 3597 1269 3660 orationem
1315 3596 1626 3659 devotam
1674 3617 1823 3660 cum
1870 3595 2224 3662 versiculis
2271 3596 2572 3679 ejusdem
2623 3617 2829 3680 supra

524 3703 774 3766 dictum
832 3700 1427 3784 Archiepiscopum
1482 3700 1721 3763 devote
1783 3701 2257 3784 praecantabat.
2348 3701 2602 3784 Quibus
2661 3722 2831 3785 pree-

524 3804 834 3880 cautatis,
896 3804 1215 3887 praefatus
1276 3804 1580 3867 dominus
1637 3804 2196 3889 Archiepiscopus
2257 3806 2562 3890 erigebat
2621 3826 2691 3869 se
2755 3810 2828 3870 et

523 3911 769 3984 stabat,
815 3907 1132 3994 populum
1179 3908 1624 3972 benedicendo
1672 3909 1772 3994 (ut
1819 3893 1926 3974 est
1975 3909 2209 3994 moris)
2262 3915 2332 3975 et
2384 3910 2821 3975 incontinenti

519 4015 780 4099 incepto
825 4013 1274 4097 Responsorio
1306 4015 1527 4089 Petre,
1561 4018 1782 4078 Amas
1815 4036 1934 4090 me,
1968 4020 2043 4078 ut
2073 4015 2492 4080 indicebatur
2522 4037 2564 4080 a
2595 4016 2819 4092 choro,

518 4119 747 4182 forsan
792 4138 834 4181 a
881 4122 1267 4181 succentore
1299 4118 1719 4195 vicariorum,
1752 4118 2059 4182 dominus
2092 4118 2402 4185 Decanus
2439 4120 2825 4205 accipiendo

519 4223 853 4287 dominum
885 4220 1472 4306 Archiepiscopum
1505 4242 1626 4306 per
1655 4243 1920 4285 manum
1948 4222 2055 4286 vel
2088 4223 2260 4287 alias
2291 4225 2513 4308 ipsum
2543 4219 2821 4290 adduxit
2852 4222 2863 4230 ’

519 4327 601 4390 ad
649 4326 960 4389 thronum
1009 4344 1201 4387 suum
1239 4324 1440 4406 juxta
1470 4323 1686 4388 altare
1734 4346 2042 4411 magnum
2093 4348 2214 4411 pro
2261 4327 2818 4412 ipsolhonorifice
