3117 5025
1070 360 1513 424 Consecratio
1544 360 1896 440 Episcopi.
2496 357 2635 421 ¹229

321 557 587 622 dicatur
646 566 717 626 et
774 562 1088 647 quicquid
1151 562 1677 627 sanctificaveris
1733 561 2220 638 sanctificetur3
2288 566 2358 626 et
2409 582 2641 625 conse-

326 666 528 724 cratae
573 684 809 728 manus
855 670 1007 741 tuae,
1040 666 1149 728 vel
1194 665 1481 749 pollicis,
1512 664 1856 749 impositio
1902 664 2161 728 cunctis
2207 665 2515 747 proficiat
2556 664 2641 729 ad

328 761 641 828 salutem.
728 769 964 831 Amen.

407 863 745 926 Benedictio
772 871 962 927 baculi
978 871 1312 947 pastoralis.

420 959 850 1027 Sustentator
893 966 1196 1028 humanae
1238 963 1745 1039 imbecillitatis,
1778 964 1982 1040 Deus,
2015 965 2290 1029 benedic
2333 965 2642 1029 baculum

324 1061 552 1138 istum,
588 1070 658 1128 et
689 1067 862 1148 quod
909 1066 978 1129 in
1011 1089 1088 1130 eo
1122 1067 1417 1131 exterius
1464 1066 1879 1151 designatur,
1912 1067 2198 1131 interius
2229 1068 2299 1129 in
2343 1070 2641 1133 moribus

323 1165 562 1227 famuli
592 1168 694 1230 tui
725 1171 1223 1253 propitiationis
1252 1169 1611 1232 clementia
1642 1175 1977 1252 operetur.
2069 1170 2199 1232 Per
2227 1170 2609 1237 Dominum.

411 1267 558 1326 Cum
584 1269 760 1328 datur
787 1272 1035 1343 baculus,
1070 1274 1323 1349 episcopo
1350 1273 1507 1329 dicat
1535 1272 1853 1330 ordinator.

414 1365 661 1451 Accipe
707 1366 1018 1430 baculum
1065 1367 1429 1451 pastoralis
1462 1366 1694 1441 officii3
1743 1371 1812 1429 et
1858 1365 1951 1429 sis
2002 1367 2411 1450 corrigendis
2456 1368 2642 1433 vitiis

330 1467 439 1549 pie
487 1469 785 1543 saeviens,
809 1469 1135 1550 judicium
1182 1469 1325 1531 sine
1370 1468 1474 1531 ira
1518 1475 1778 1543 tenens,
1810 1468 1879 1530 in
1925 1468 2231 1532 fovendis
2277 1470 2642 1536 virtutibus

332 1570 710 1634 auditorum
771 1572 1029 1635 animos
1096 1571 1498 1647 demulcens,
1559 1571 1629 1632 in
1694 1570 2190 1654 tranquillitate
2258 1573 2643 1638 severitatis

289 1709 296 1718 ·
334 1693 687 1736 censuram
717 1696 847 1737 non
878 1674 1218 1736 deserens.

409 1774 747 1833 Benedictio
776 1777 1002 1833 annuli.

449 1870 730 1935 Creator
797 1878 868 1935 et
940 1877 1374 1936 conservator
1437 1870 1713 1934 humani
1780 1872 2068 1954 generis,
2136 1872 2333 1936 dator
2404 1875 2640 1958 gratiae

334 1975 726 2057 spiritualis,
760 1975 1048 2059 largitor
1090 1980 1349 2038 oeternae
1395 1972 1658 2047 salutis,
1691 1978 1786 2047 tu,
1833 1972 2132 2051 Domine,
2168 1976 2400 2040 emitte
2448 1978 2642 2042 bene-

336 2076 692 2140 dictionem
726 2082 910 2140 tuam
959 2097 1161 2160 super
1190 2078 1366 2139 hunc
1413 2076 1755 2150 annulum,
1790 2081 1866 2138 ut
1909 2076 2024 2157 qui
2058 2096 2207 2138 eum
2253 2081 2645 2161 gestaverit,

334 2180 426 2242 sit
456 2184 758 2242 armatus
783 2179 1031 2243 virtute
1059 2177 1346 2242 coelestis
1371 2176 1798 2252 defensioniS,
1824 2182 1894 2240 et
1923 2178 2230 2260 proficiat
2252 2179 2336 2243 ad
2362 2181 2646 2246 salutem

333 2282 584 2345 mentis
616 2286 685 2344 et
715 2282 1032 2365 corporis.
1123 2282 1254 2345 Per
1281 2280 1664 2346 Dominum.

414 2384 569 2441 Alia
599 2385 903 2441 benedictio
930 2384 1155 2441 annuli.

423 2479 799 2555 Sanctifica‚
833 2499 1231 2563 quaesumuS,
1274 2477 1573 2554 Domine,
1608 2476 1925 2541 annulum
1974 2477 2198 2554 istum,
2232 2483 2308 2542 ut
2352 2481 2644 2549 famulus

333 2589 494 2649 tuus
540 2584 628 2646 N.
674 2589 980 2667 gestator
1022 2583 1232 2657 illius,
1279 2602 1473 2665 quem
1527 2582 1597 2644 in
1641 2581 1932 2643 ordinem
1991 2582 2311 2664 aequalem
2360 2584 2644 2650 electum

336 2686 771 2761 sacravimus,
803 2686 930 2748 fide
982 2685 1070 2748 sit-
1101 2684 1358 2769 plenus,
1391 2683 1778 2767 operatione
1828 2684 2146 2761 sincerus,
2182 2686 2247 2747 in
2296 2688 2649 2753 reddendis

336 2796 537 2872 atque
571 2789 957 2855 claudendis
1002 2787 1340 2872 mysteriis
1389 2786 1642 2851 salubri
1692 2785 1783 2849 sit
1814 2806 2074 2870 semper
2117 2788 2648 2857 consideratione

335 2892 690 2955 discretus,

416 2995 515 3050 Ad
542 2995 822 3052 annulum
850 2995 1031 3069 diqito
1060 2992 1486 3070 imponendum.

424 3091 669 3174 Accipe
723 3089 1064 3164 annulum,
1117 3087 1271 3150 fidei
1335 3085 1594 3151 scilicet
1643 3086 2080 3167 signaculum,
2134 3095 2464 3172 quatenus
2521 3090 2650 3154 Dei

337 3214 669 3278 sponsam,
727 3198 1027 3256 sanctam
1087 3189 1214 3253 Dei
1274 3189 1583 3254 videlicet
1639 3188 2005 3267 ecclesiam,
2060 3190 2461 3256 intemerata
2521 3194 2646 3256 fide

335 3301 633 3370 ornatus,
665 3294 925 3358 illibate
957 3294 1318 3357 custodias·

418 3398 759 3454 Benedictio
786 3396 990 3453 mitrae.

421 3492 628 3568 Deus,
678 3491 869 3573 cujus
919 3489 1338 3574 providentia
1392 3488 1640 3552 statuit
1684 3495 1760 3551 ut
1811 3488 2012 3551 mitra
2063 3488 2394 3571 pontificis
2448 3498 2647 3578 caput

338 3599 627 3670 ornaret,
662 3593 1125 3656 misericordiae
1166 3612 1297 3654 suae
1330 3591 1503 3654 dono
1537 3590 1878 3665 concedat,
1911 3595 1986 3652 ut
2029 3590 2153 3653 hoc
2184 3592 2423 3675 capitis
2457 3615 2650 3659 orna-

334 3703 631 3761 mentum
707 3696 1079 3763 ministerio
1146 3695 1469 3759 bonorum
1534 3714 1809 3776 operum
1876 3692 1961 3756 ad
2036 3698 2343 3757 ornatum
2413 3698 2646 3762 animae

339 3806 790 3865 convertatur.

426 3904 575 3961 Cum
603 3904 778 3960 datur
804 3902 1001 3973 mitra,
1029 3901 1276 3958 dicatur.

425 4000 630 4075 Deus,
684 3998 799 4080 qui
858 3996 1070 4060 mitrae
1131 3993 1531 4080 pontificalis
1593 3994 1841 4057 honore
1903 3998 1971 4057 te
2034 3993 2246 4061 voluit
2303 3995 2647 4081 insignire,

339 4103 702 4167 clementer
755 4105 1027 4175 annuat,
1071 4104 1150 4162 ut
1201 4120 1343 4182 quae
1397 4118 1516 4181 per
1568 4097 1780 4160 mitrae
1832 4117 2079 4160 cornua
2130 4098 2507 4182 figurantur
2564 4103 2648 4165 ad

337 4205 619 4269 tutelam
642 4209 711 4267 et
731 4204 813 4267 ad
834 4203 1117 4268 salutem
1141 4200 1683 4292 animae,tfortiter
1706 4206 1775 4264 et
1797 4200 2160 4285 prudenter
2179 4200 2372 4264 corde
2399 4205 2649 4269 tractes

340 4314 411 4371 et
442 4329 575 4372 ore.
666 4307 811 4370 Per.
