3117 5025
949 418 1049 481 De
1086 418 1462 482 Ordinibus
1500 418 1961 502 Conferendis.
2489 417 2619 481 321

287 671 330 700 ‚‚
425 623 549 686 Pe.
640 622 904 688 Euntes
972 624 1333 710 praedicate
1401 622 1835 710 evangelium
1869 646 1886 699 ;
1947 620 2172 707 gratis
2233 623 2622 708 accepistis,

292 774 337 804 „
370 727 592 811 gratis
623 727 806 792 date.

286 880 329 907 ,‚
425 833 543 895 Po.
649 830 887 897 Nolite
957 833 1308 917 possidere
1377 853 1619 897 aurum
1687 853 1903 918 neque
1971 839 2333 919 argentum
2401 855 2620 919 neque

291 982 332 1009 ‚,
368 936 728 1019 pecuniam
761 935 833 998 in
864 936 1053 1000 zonis
1085 935 1355 1001 vestris.
1988 1011 1998 1019 ,

292 1085 330 1112 ,,
425 1037 675 1102 Aliud.
789 1039 1214 1125 congregate
1275 1038 1380 1103 illi
1442 1044 1713 1106 sanctos
1768 1042 1918 1123 ejus
1978 1040 2093 1125 qui
2144 1040 2631 1106 ordinaverunt

298 1188 337 1216 ‚‚
373 1145 857 1207 testamentum
907 1144 1059 1227 ejus
1114 1163 1320 1228 super
1381 1142 1733 1221 sacrificia,
1787 1148 1860 1208 et
1917 1143 2419 1209 annuntiabunt
2477 1143 2625 1209 coeli

304 1292 344 1322 „
369 1244 714 1333 justitiam
748 1247 919 1329 ejus,
954 1248 1115 1332 quia
1142 1248 1329 1313 Deus
1362 1252 1525 1313 tuus
1553 1267 1683 1332 ego
1716 1267 1887 1313 sum.
1984 1324 1992 1330 ⁶

298 1397 337 1424 ‚‚
432 1349 550 1413 Ps.
638 1347 824 1414 Deus
855 1350 1157 1415 deorum.

300 1501 340 1528 ,‚
431 1452 520 1516 R.
610 1453 896 1519 Immola·
923 1453 1090 1518 Deo·

303 1604 344 1631 „
449 1555 530 1620 V.
619 1555 1069 1642 congregate.

301 1708 339 1735 ,‚
430 1660 767 1745 Alleluya.
870 1661 947 1725 V.
1038 1661 1416 1746 Disposuit.

308 1812 344 1840 „
445 1765 894 1847 offertorium.
987 1766 1275 1831 Benedie
1308 1767 1537 1830 anima.
1570 1786 1740 1829 mea.

308 1917 346 1943 ‚‚
446 1870 560 1932 00.
652 1868 907 1932 Messis
939 1869 1210 1953 quidem
1242 1868 1482 1946 multa,
1515 1868 1811 1954 operarii
1842 1874 2071 1934 autem
2102 1870 2299 1954 paupi
2328 1892 2344 1946 3
2388 1876 2630 1957 rogate

308 2020 346 2047 ‚‚
382 1970 742 2036 Dominum
775 1973 1021 2036 messis
1053 1979 1129 2038 ut
1159 1972 1395 2056 ejiciat
1423 1972 1771 2058 operarios
1802 1972 1872 2035 in
1903 1992 2190 2036 messem
2227 1993 2440 2038 suam.

309 2124 350 2151 ‚‚
441 2075 560 2139 Pa.
592 2086 670 2140 ut
700 2097 940 2157 supra.

301 2227 341 2254 ,‚
447 2179 524 2242 V.
619 2178 815 2243 Misit
841 2180 884 2244 J
888 2199 1046 2243 esus
1064 2179 1437 2263 discipulos
1463 2198 1624 2242 suos
1654 2176 1851 2242 binos
1874 2182 2034 2242 ante
2064 2176 2305 2242 faeiem
2332 2197 2523 2242 suam
2556 2180 2624 2243 in

308 2332 346 2358 „
380 2304 642 2347 omnem
705 2284 1049 2349 civitatem
1111 2291 1185 2350 et
1244 2285 1461 2349 locum
1525 2305 1660 2368 quo
1728 2289 1880 2347 erat
1935 2284 2083 2366 ipse
2147 2287 2495 2361 venturus,
2556 2290 2629 2349 et

310 2436 348 2463 „
383 2386 653 2451 dicebat
684 2386 843 2450 illis.

299 2542 338 2568 ‚‚
438 2491 857 2556 Communia.
954 2491 1208 2557 Messis
1239 2492 1530 2577 quidem.

311 2644 352 2671 ‚‚
436 2594 840 2680 [Epistola]
2011 2590 2077 2671 [1
2112 2589 2283 2654 Tim.
2318 2591 2414 2655 iii.
2448 2591 2629 2677 1-7.]

302 2748 339 2776 ‚,
433 2698 712 2763 Fratres
739 2720 754 2760 z
801 2697 1055 2762 Fidelis
1089 2719 1332 2776 serm0,
1364 2720 1580 2782 usque
1613 2698 1711 2761 ad
1743 2701 1818 2760 ut
1847 2695 1973 2760 Dei
2005 2694 2226 2758 nostri
2256 2694 2627 2760 doctrinam

311 2851 353 2879 ‚,
387 2806 582 2867 ornet
610 2801 679 2865 in
714 2801 1047 2866 omnibus.

316 2955 355 2984 ‚,
477 2903 1010 2992 [Evanyelium]
1847 2900 1942 2982 [S.
1975 2900 2135 2964 Luc.
2169 2900 2329 2963 xxii.
2364 2898 2639 2989 24-30.]

311 3059 354 3087 ‚,
447 3010 526 3072 In
567 3008 684 3072 illo
725 3013 1049 3093 tempore,
1082 3007 1296 3074 Facta
1341 3013 1448 3074 est
1478 3006 1845 3082 eontenffio,
1877 3025 2089 3087 usque
2134 3006 2233 3066 ad
2276 3003 2627 3069 duodecim

322 3164 362 3191 „
397 3114 611 3179 tribus
643 3110 879 3176 Israel.

500 4444 693 4509 Pont.
725 4445 811 4509 40
