3117 5025
986 411 1095 476 De
1135 412 1508 482 Ordinibus
1545 413 2008 501 Conferendis.
2523 402 2658 471 307

1423 689 1583 754 v11.

780 851 928 934 [DE
977 854 1478 924 ORDINIBUS
1523 854 2221 941 coNFEREans.1

1009 1127 1514 1195 ORDINATIO
1559 1128 1979 1196 OSTIARII.

413 1311 705 1372 ostiarius
732 1334 860 1374 cum
896 1316 1229 1390 ordinatur,
1257 1326 1556 1396 postquam
1597 1319 1669 1377 ab
1695 1317 2104 1378 archidiacono
2142 1317 2453 1377 instructus
2462 1317 2654 1396 fuerit

330 1407 580 1485 quiter
616 1409 682 1468 in
724 1410 890 1471 domo
929 1413 1049 1472 Dei
1086 1413 1280 1473 debeat
1316 1415 1660 1485 conversari,
1693 1414 1774 1473 ad
1810 1413 2218 1492 suyyestioncm
2255 1411 2656 1473 archidiaconi

336 1506 531 1564 tradat
557 1509 614 1566 ei
638 1508 930 1588 episcopus
956 1511 1138 1571 claves
1163 1512 1234 1571 de
1261 1512 1445 1572 altari
1470 1512 1681 1572 dicens.

421 1601 529 1667 Sic
558 1624 704 1690 age,
738 1606 933 1688 quasi
977 1607 1368 1672 redditurus
1412 1607 1558 1673 Deo
1605 1606 1929 1675 rationem
1977 1626 2099 1691 pro
2144 1605 2253 1671 his
2282 1606 2482 1670 rebus
2512 1623 2655 1690 quae

332 1702 484 1767 istis
514 1704 817 1772 clavibus
848 1708 1308 1775 recluduntur.
2204 1723 2217 1736 '

411 1806 494 1865 Et
519 1808 715 1867 tradat
741 1810 797 1868 ei
824 1811 1268 1871 archidiaconus
1294 1812 1503 1871 ostium
1529 1811 1788 1870 ecclesiae.

1205 1906 1486 1983 Praefatio
1515 1906 1790 1967 Ostiarii.

420 1994 635 2062 Deum
697 1999 968 2064 Patrem
1029 2003 1554 2086 omnipotentem
1619 2002 2016 2088 suppliciter
2073 2001 2526 2086 deprecamur,
2579 2006 2658 2064 ut

333 2102 511 2166 hunc
531 2101 855 2166 famulum
890 2125 1086 2169 suum
1116 2106 1224 2169 ill.
1251 2106 1644 2171 benedicere
1674 2105 2011 2191 dignetur,
2036 2126 2232 2191 quem
2262 2105 2331 2167 in
2366 2103 2651 2168 officium

334 2205 595 2268 ostiarii
619 2205 869 2290 eligere
901 2206 1221 2293 dignatus
1254 2214 1378 2286 est,
1400 2214 1478 2273 ut
1509 2209 1601 2273 sit
1631 2208 1692 2273 ei
1722 2207 2114 2272 fidelissima
2137 2227 2298 2271 cura
2326 2207 2393 2269 in
2425 2205 2659 2268 diebus

334 2329 414 2373 ac
445 2309 773 2385 noctibus,
805 2309 891 2374 ad
933 2310 1435 2377 distinctionem
1466 2315 1783 2378 horarum
1829 2311 1914 2376 ad
1945 2310 2382 2377 invocandum
2415 2327 2657 2372 nomen

342 2413 630 2479 Domini.
723 2413 870 2479 Per.

1182 2521 1516 2581 Benedictio
1543 2521 1807 2598 ejusdem.

424 2609 708 2676 Domine
743 2617 994 2689 sancte,
1027 2615 1232 2681 Pater
1262 2618 1706 2703 omnipotens,
1739 2622 1984 2681 aeterne
2031 2614 2234 2691 Deus,
2267 2615 2655 2680 benedicere

334 2715 634 2800 digneris
685 2716 859 2780 hunc
909 2717 1233 2783 famulum
1295 2726 1486 2785 tuum
1540 2719 1919 2796 ostiarium,
1975 2723 2050 2783 ut
2104 2718 2282 2782 inter
2326 2716 2654 2801 janitores

336 2816 653 2883 Ecclesiae
674 2825 869 2902 paret
899 2822 1245 2907 obsequia,
1270 2829 1338 2889 et
1362 2824 1544 2889 inter
1574 2823 1828 2889 electos
1850 2827 2005 2889 tuos
2028 2827 2289 2908 partem
2321 2825 2661 2886 mereatur

335 2923 587 2988 habere
619 2924 968 2990 mercedis.
1057 2926 1207 2991 Per.
