3117 5025
851 433 1249 498 Benedictio
1283 433 1544 517 lapidis
1566 436 1969 518 portabilis.
2444 438 2571 502 125

236 620 471 685 Deum
521 626 761 707 praeter
803 626 893 698 te,
937 621 1291 687 Dominum
1348 622 1584 700 solum,
1632 625 1745 709 qui
1792 630 2114 690 venturus
2160 647 2233 692 es
2273 626 2576 712 judicare

236 725 444 790 vivos
475 732 545 790 et
573 730 896 789 mortuos.

334 832 745 895 Benedictio
775 851 995 912 aquoe.

331 932 623 998 Domine
670 938 920 1008 sancte,
951 932 1154 996 Pater
1198 932 1637 1016 omnipotens,
1685 941 1951 1000 creator
1995 942 2065 1000 et
2095 941 2393 1002 statutor
2435 958 2573 1001 om-

237 1040 440 1102 nium
495 1036 996 1110 elementorum,
1053 1035 1165 1119 qui
1225 1055 1346 1120 per
1395 1035 1628 1100 Jesum
1692 1036 2033 1103 Christum
2088 1039 2330 1103 Filium
2381 1047 2570 1104 tuum

239 1142 613 1205 Dominum
659 1144 985 1214 nostrum,
1015 1138 1140 1202 hoc
1185 1138 1587 1201 elementum
1633 1160 1819 1222 aquae
1863 1140 1935 1203 in
1968 1140 2254 1205 salutem
2301 1142 2577 1207 humani

239 1245 523 1330 generis
568 1263 716 1307 esse
762 1240 1075 1317 voluisti3
1123 1244 1190 1304 te
1238 1240 1574 1324 supplices
1619 1241 2071 1326 deprecamur,
2118 1249 2196 1308 ut
2240 1244 2575 1308 exauditis

242 1347 674 1413 orationibus
726 1344 978 1408 nostris
1031 1364 1176 1408 eam
1225 1348 1354 1407 tuae
1408 1344 1682 1428 pietatis
1732 1351 2046 1430 respectu
2106 1344 2575 1423 sanctiffifices,

242 1457 456 1534 atque
488 1449 589 1513 ita
617 1448 832 1513 omnis
857 1446 1210 1530 spirituum
1233 1445 1721 1510 immundorum
1754 1447 1838 1511 ab
1859 1468 1939 1511 ea
1968 1447 2238 1513 recedat
2259 1449 2572 1526 incursiO,

241 1561 327 1616 ut
357 1554 733 1634 ubicunque
778 1548 1077 1612 fueritin
1123 1548 1386 1611 nomine
1433 1555 1551 1613 tuo
1597 1570 1876 1633 aspersa
1922 1549 2031 1614 vel
2077 1550 2318 1629 infusa,
2349 1552 2575 1637 gratia

240 1665 382 1720 tuae
434 1652 915 1718 benedictionis
967 1650 1296 1727 adveniat,
1352 1657 1420 1714 et
1483 1651 1704 1715 omnia
1763 1651 1961 1729 mala,
2016 1657 2083 1717 te
2146 1654 2572 1740 propitiante,

241 1757 484 1844 procul
515 1755 848 1820 recedant.
939 1755 1069 1817 Per
1098 1753 1375 1817 eundem
1407 1751 1765 1817 Dominum
1794 1759 2119 1819 nostrum.

341 1861 744 1926 Benedictio
776 1858 1045 1921 cineris,

339 1962 780 2046 Omnipotens
812 1959 1215 2042 sempiterne
1247 1957 1450 2033 Deus,
1475 1978 1676 2042 parce
1707 1960 2180 2036 metuentibus,
2205 1961 2569 2045 propitiare

246 2063 808 2152 supplicantibus,
840 2067 911 2124 et
954 2060 1225 2124 mittere
1254 2059 1532 2145 dignare
1568 2065 1868 2123 sanctum
1911 2061 2222 2146 angelum
2253 2067 2440 2127 tuum
2488 2063 2569 2127 de

245 2170 456 2244 coelis,
502 2166 617 2249 qui
669 2160 1085 2235 bene-Fdicat
1135 2166 1205 2225 et
1258 2161 1698 2235 sanctifflficet
1750 2161 2009 2226 cineres
2061 2164 2250 2241 istos,
2297 2173 2373 2229 ut
2433 2167 2569 2230 sint

242 2269 613 2336 remedium
668 2265 966 2329 salutare
1013 2264 1316 2326 omnibus
1369 2283 1605 2325 nomen
1657 2268 1846 2326 tuum
1892 2264 2284 2349 suppliciter
2333 2267 2570 2350 implo-

242 2373 586 2446 rantibus,
636 2390 714 2433 ac
767 2366 1164 2450 semetipsos
1217 2386 1337 2449 pro
1384 2366 1796 2430 conscientia
1847 2365 2242 2431 delictorum
2297 2390 2565 2433 suorum

244 2473 744 2548 accusantibus,
791 2477 990 2554 atque
1045 2476 1203 2533 ante
1249 2474 1677 2553 conspectum
1729 2469 1966 2534 divinae
2019 2470 2387 2536 clementiae
2441 2481 2569 2539 tuae

241 2581 554 2646 facinora
597 2597 720 2638 sua
761 2572 1283 2657 deplorantibuS,
1314 2570 1424 2635 vel
1472 2573 1968 2636 serenissimam
2014 2574 2335 2658 pietatem
2381 2582 2568 2640 tuam

245 2681 646 2767 suppliciter
699 2676 1070 2759 obnixeque
1122 2674 1620 2758 flagitantibus3
1678 2680 1945 2758 praesta,
1997 2698 2398 2760 quaesumus,
2451 2701 2573 2764 per

241 2784 732 2851 invocationem
770 2777 1175 2843 sanctissimi
1206 2777 1491 2840 nominis
1522 2777 1644 2853 tui,
1677 2785 1753 2840 ut
1795 2778 2168 2862 quicunque
2207 2801 2321 2844 eos
2366 2802 2569 2866 super

241 2912 318 2954 se
351 2885 763 2970 asperserint
786 2902 907 2964 pro
930 2879 1382 2962 redemptione
1415 2886 1858 2962 peccatorum,
1880 2882 2178 2966 corporis
2212 2883 2567 2949 sanitatem

245 2999 321 3055 et
350 2990 586 3055 animae
617 2983 901 3048 tutelam
931 2982 1328 3066 percipiant.
1417 2982 1545 3045 Per
1572 2980 1949 3046 Dominum.

330 3093 490 3149 Tunc
533 3088 875 3146 misceantur
910 3084 1000 3142 sal
1039 3091 1090 3143 et
1128 3083 1292 3153 cinis,
1338 3091 1388 3141 et
1409 3082 1604 3157 faciat
1649 3086 1934 3161 episcopus
1973 3085 2107 3144 inde
2141 3108 2358 3147 crucem
2395 3109 2564 3167 super

247 3205 462 3265 aquam
488 3184 694 3241 dicens.

332 3282 496 3344 Haec
550 3273 934 3341 commixtio
990 3272 1153 3336 salis
1205 3277 1276 3335 et
1323 3272 1569 3335 cineris
1622 3292 1769 3335 cum
1824 3294 1999 3356 aqua
2049 3275 2419 3353 benedicta,
2473 3278 2568 3342 sit

246 3382 747 3462 sanctifflficata
786 3378 868 3442 ad
901 3375 1464 3439 consecrationem
1510 3375 1713 3457 hujus
1743 3375 1987 3439 tabulae
2019 3382 2089 3440 et
2132 3376 2394 3461 lapidis.
2485 3379 2564 3442 In

243 3487 513 3554 nomine
546 3483 770 3547 Patris
799 3477 879 3556 ›1‹
910 3487 981 3542 et
1010 3478 1167 3542 Filii
1199 3476 1277 3555 *1⁴
1308 3484 1380 3540 et
1413 3477 1704 3561 Spiritus
1734 3479 1815 3559 ›1‹
1849 3477 2100 3542 Sancti.
2190 3481 2423 3544 Amen.

332 3588 682 3671 Sequitur.
769 3581 1096 3646 Dominus
1125 3580 1485 3644 vobiscum.
1577 3579 1878 3643 OremuS.

365 3692 629 3757 Oratio.
746 3685 952 3762 Deus,
1008 3683 1268 3747 invictae
1333 3683 1607 3746 virtutis
1666 3688 1899 3746 auctor
1965 3690 2034 3748 et
2092 3684 2561 3768 insuperabilis

237 3793 502 3879 imperii
548 3812 668 3854 rex
714 3810 791 3853 ac
845 3807 1108 3871 semper
1149 3786 1542 3870 magnificus
1594 3786 2062 3868 triumphator,
2109 3789 2222 3870 qui
2267 3790 2561 3855 adversae

237 3894 714 3965 dominationis
766 3892 943 3954 vires
995 3889 1326 3973 reprimis,
1380 3890 1492 3971 qui
1553 3889 1801 3953 inimici
1861 3891 2191 3975 rugientis
2238 3894 2557 3959 saevitiam

242 4018 545 4087 superas,
570 3996 681 4079 qui
708 3992 990 4057 hostiles
1015 3991 1348 4075 nequitias
1372 3998 1683 4075 potenter
1707 4013 2052 4077 expugnas
2075 4017 2091 4069 ;
2139 4002 2229 4069 te,
2253 3993 2558 4072 Domine,

237 4108 603 4183 trement-es
650 4108 718 4163 et
750 4097 1082 4183 supplices
1128 4097 1564 4180 deprecamur
1606 4117 1683 4159 ac
1727 4096 2037 4179 petimus,
2070 4104 2147 4160 ut
2178 4099 2347 4162 hanc
2378 4120 2557 4162 crea·

232 4225 453 4276 turam
504 4205 667 4269 salis
717 4211 786 4266 et
836 4202 1077 4265 cineris
1123 4205 1193 4263 et
1241 4221 1425 4283 aquae
1472 4198 1830 4283 dignanter
1875 4200 2181 4284 accipias,
2228 4202 2557 4286 benignus
