3117 5025
515 398 644 463 106
1035 397 1471 462 Consecratio
1502 393 1758 459 altaris
1789 396 1933 460 eine
1965 394 2302 460 Ecclesia.

592 604 674 663 Et
698 603 814 663 alii
838 601 1209 681 respondeant
1231 620 1333 679 per
1358 601 1502 660 vices
1527 600 1801 677 sinyulas.

598 698 902 774 Domine,
933 697 1019 762 ad
1051 695 1503 781 adjuvandum
1532 716 1639 759 me
1669 695 1939 760 festina.

519 824 668 867 cum
698 799 929 866 Gloria
959 798 1146 864 Patri
1176 800 1321 864 eine
1352 796 1648 863 alleluia.

594 902 821 962 Deinde
833 902 950 977 fiat
977 921 1129 978 aqua
1156 900 1441 958 benedicta
1466 900 1671 975 major,
1701 907 1753 958 et
1777 900 1953 959 etiam
1978 918 2131 977 aqua
2156 898 2429 958 crimata
2454 897 2554 956 hoc
2580 895 2796 955 ordine.

602 999 1050 1062 Exercismue
1081 995 1278 1060 salis.

604 1099 925 1164 Exorcizo
970 1103 1059 1176 te,
1093 1101 1404 1162 creatura
1448 1096 1637 1172 salis,
1665 1095 1736 1159 in
1779 1094 2045 1160 nomine
2089 1094 2363 1160 Domini
2407 1093 2625 1158 nostri
2667 1092 2712 1158 J
2715 1112 2840 1155 esu

526 1202 802 1279 Christi,
856 1201 970 1286 qui
1021 1199 1346 1286 apostolis
1400 1199 1541 1264 suis
1592 1199 1711 1276 ait,
1764 1198 1910 1263 Vos
1962 1199 2127 1263 estis
2181 1198 2284 1264 sal
2334 1201 2552 1273 terrae,
2603 1200 2674 1260 et
2718 1213 2842 1279 per

423 1349 430 1355 -
524 1304 904 1391 apostolum
948 1303 1132 1380 dicit,
1176 1301 1279 1367 Sit
1323 1323 1436 1367 cor
1480 1306 1781 1366 vestrum
1828 1300 1970 1366 sale
2012 1300 2371 1377 conditum,
2415 1305 2495 1365 ut
2547 1292 2845 1372 sanctiffl

518 1408 739 1474 ficeris
781 1406 868 1471 ad
914 1404 1483 1471 consecrationem
1526 1404 1732 1487 hujus
1775 1403 2032 1480 altaris,
2080 1403 2164 1467 ad
2209 1401 2639 1488 expellendas
2686 1398 2843 1462 inde

525 1529 756 1575 omnes
774 1508 1143 1572 daemonum
1162 1505 1663 1590 temptationes,
1683 1509 1753 1569 et
1776 1505 2082 1570 omnibus
2105 1504 2321 1589 quiex
2342 1509 2411 1569 te
2437 1502 2847 1587 sumpserint

526 1614 623 1679 sis
667 1611 901 1676 animae
933 1617 1004 1674 et
1045 1608 1342 1694 corporis
1386 1613 1833 1674 tutamentum
1879 1614 1950 1672 et
1995 1608 2252 1672 sanitas
2297 1612 2368 1672 et
2409 1606 2729 1693 perfectio
2774 1610 2848 1671 et

527 1714 942 1780 confirmatio
974 1712 1237 1789 salutis,
1265 1732 1387 1797 per
1415 1733 1568 1776 eum
1599 1712 1713 1796 qui
1742 1717 2068 1777 venturus
2098 1716 2206 1778 est
2225 1711 2528 1796 judicare
2557 1711 2746 1777 vivos
2777 1717 2851 1776 et

530 1822 833 1883 mortuos
863 1820 934 1880 et
966 1814 1275 1880 saeculum
1306 1836 1428 1900 per
1456 1814 1701 1900 ignem.
1790 1815 2029 1880 Amen.

616 1921 1020 1985 Benedictio
1049 1918 1248 1983 salis.

619 2022 922 2087 Oremus.

645 2122 930 2187 Domine
988 2120 1194 2199 Deus,
1255 2125 1451 2207 Pater
1508 2120 1949 2206 omnipotens,
2009 2121 2387 2210 beneq-dic,
2446 2140 2849 2205 quaesumus,

532 2226 707 2302 hanc
736 2229 1111 2289 creaturam
1144 2223 1309 2289 salis
1338 2222 1424 2287 ad
1455 2223 1882 2307 effugandum
1927 2223 2288 2296 inimicum,
2321 2228 2392 2287 et
2420 2224 2484 2287 ei
2516 2222 2851 2287 salubrem

533 2332 924 2396 medicinam
969 2331 1274 2409 immitte,
1319 2334 1398 2393 ut
1446 2329 1532 2394 ad
1586 2330 1817 2394 animae
1872 2335 1942 2394 et
1985 2330 2283 2415 corporis
2329 2349 2400 2394 se
2447 2329 2851 2393 sumentium

535 2434 840 2521 proficiat
872 2433 1253 2509 sanitatem,
1285 2453 1405 2517 per
1434 2432 1791 2496 Dominum
1822 2436 2147 2497 nostrum.

620 2538 1069 2600 Eworciemue
1099 2557 1319 2618 aquae.
1601 2618 1606 2623 Ι

624 2639 948 2703 Exorcizo
980 2643 1070 2714 te,
1101 2642 1413 2702 creatura
1441 2659 1649 2721 aquae,
1679 2637 1749 2700 in
1778 2637 2042 2701 nomine
2071 2636 2198 2701 Dei
2243 2636 2468 2702 Patris
2499 2642 2569 2701 et
2597 2634 2757 2699 Filii
2785 2638 2857 2698 et

539 2742 832 2825 Spiritus
878 2740 1126 2815 Sancti,
1156 2743 1235 2803 ut
1276 2738 1570 2823 repellas
1600 2738 1939 2804 diabolum
1986 2759 2028 2803 a
2070 2739 2357 2803 termino
2379 2740 2739 2823 justorum,
2769 2758 2853 2802 ne

541 2843 729 2908 sitin
773 2840 1162 2906 umbraculo
1207 2840 1410 2923 hujus
1455 2840 1737 2917 altaris;
1784 2848 1854 2905 et
1896 2845 1992 2917 tu,
2024 2839 2305 2905 Domine
2350 2841 2514 2905 Jesu
2562 2840 2853 2916 Christe,

540 2946 817 3010 infunde
851 2945 1172 3030 Spiritum
1220 2943 1535 3008 Sanctum
1569 2948 1758 3008 tuum
1787 2944 1857 3007 in
1903 2945 2029 3008 hoc
2059 2944 2274 3008 altare
2318 2948 2396 3008 ut
2423 2944 2731 3029 proficiat
2772 2944 2859 3008 ad

542 3049 830 3115 salutem
858 3069 1206 3133 corporum
1237 3052 1307 3112 et
1329 3048 1698 3112 animarum
1728 3052 1797 3112 te
1828 3048 2267 3126 adorantium,
2290 3056 2369 3113 ut
2398 3048 2864 3132 magnificetur

541 3175 782 3218 nomen
814 3158 1001 3218 tuum
1033 3152 1101 3215 in
1132 3152 1447 3238 gentibus
1478 3156 1549 3215 et
1575 3151 1903 3215 increduli
1947 3152 2140 3215 corde
2172 3159 2650 3217 convertantur
2676 3152 2762 3217 ad
2794 3159 2863 3218 te

543 3260 614 3322 et
655 3277 788 3319 non
832 3255 1367 3320 habeantalium
1411 3255 1627 3319 Deum
1673 3259 1914 3337 praeter
1957 3259 2048 3331 te,
2077 3253 2432 3319 Dominum
2478 3256 2712 3333 solum,
2745 3256 2862 3341 qui

545 3363 868 3422 venturus
899 3378 972 3423 es
1003 3357 1299 3441 judicare
1333 3357 1520 3421 vivos
1566 3363 1637 3421 et
1666 3362 1963 3422 mortuos
2008 3362 2080 3422 et
2110 3358 2423 3423 saeculum
2467 3379 2590 3442 per
2617 3359 2862 3445 ignem.

545 3463 779 3526 Amen.

629 3565 1036 3628 Benedictio
1066 3583 1286 3646 aquae.

635 3666 938 3729 Oremus.

631 3767 914 3831 Domine
960 3765 1166 3842 Deus,
1199 3770 1394 3849 pater
1438 3765 1877 3849 omnipotenS,
1926 3772 2193 3833 creator
2236 3768 2531 3834 omnium
2578 3770 2869 3835 elemen-

548 3876 793 3946 torum,
857 3868 970 3952 qui
1039 3888 1159 3953 per
1224 3867 1267 3931 J
1270 3887 1457 3930 esum
1525 3862 1868 3932 Christum
1936 3869 2182 3934 Filium
2249 3877 2440 3935 tuum
2507 3870 2867 3937 Dominum

546 3977 852 4037 nostrum
882 3970 1008 4032 hoc
1039 3968 1441 4032 elementum
1474 3989 1659 4052 aquae
1690 3970 1761 4032 in
1795 3970 2083 4034 salutem
2114 3973 2390 4037 humani
2418 3974 2687 4059 generis
2720 3995 2870 4040 esse

546 4072 859 4149 voluisti3
913 4076 981 4136 te
1038 4070 1371 4155 supplices
1423 4070 1876 4155 deprecamur,
1930 4080 2007 4138 ut
2061 4076 2397 4140 exauditis
2452 4076 2872 4143 orationibus

551 4175 802 4241 nostris
826 4195 971 4239 eam
1003 4178 1130 4238 tuae
1155 4172 1428 4259 pietatis
1449 4180 1763 4259 respectu
1796 4177 2195 4254 sanctifices,
2220 4183 2420 4262 atque
2451 4179 2551 4243 ita
2581 4180 2875 4244 omnium
