3117 5025
1080 402 1443 471 Dedicatio
1472 401 1824 469 Ecclesiae.
2541 397 2624 461 61

299 572 2633 729 Q

394 742 558 807 Haec
644 764 733 808 au
764 782 791 794 -
821 744 894 811 la
951 767 1058 811 ac·
1078 746 1238 832 ci-pi
1269 784 1297 796 -
1326 752 1402 812 at
1458 768 1501 812 a
1559 745 1662 812 De
1691 766 1763 810 -o
1823 767 1950 832 gra
1984 783 2013 797 -
2044 745 2100 810 ti
2130 782 2157 795 -
2186 781 2215 795 -
2245 764 2374 820 am,
2405 743 2631 808 be-ne-

303 1067 495 1134 dic-ti
526 1106 553 1120 -
584 1091 625 1134 o
656 1092 836 1136 -nem
868 1075 937 1137 et
968 1072 1402 1137 mi-se-ri-cor
1433 1110 1460 1123 -
1484 1073 1554 1138 di
1585 1110 1613 1122 -
1642 1092 1752 1137 am
1832 1093 1877 1137 a
2026 1068 2223 1135 Chris
2252 1106 2281 1122 -
2309 1073 2382 1135 to
2410 1066 2453 1134 J
2458 1088 2629 1134 e-su.

827 1224 1659 1293 Π-ῗ--Ἧ

394 1359 740 1427 Psalmus.
830 1363 1157 1448 Mag-nus
1184 1361 1637 1428 Do-mi-nus.*

392 1463 600 1524 Postea
627 1465 820 1523 veniat
845 1466 912 1523 in
938 1466 1190 1524 medium
1216 1467 1470 1539 ecclesiae,
1498 1475 1549 1526 et
1577 1467 1734 1526 dicat
1761 1467 1908 1526 hanc
1934 1466 2264 1526 orationem.

401 1560 670 1625 OratiO.
760 1559 966 1637 DeuS,
1014 1559 1129 1644 qui
1179 1566 1481 1626 sanctum
1525 1562 1811 1647 Moysen
1856 1583 1990 1648 prae
2034 1560 2291 1627 cunctis
2341 1559 2638 1626 millibus

308 1661 707 1727 Israeliticis
765 1667 908 1726 tam
968 1662 1363 1726 familiarem
1422 1664 1548 1729 tibi
1609 1685 1758 1729 esse
1812 1663 2052 1741 fecisti,
2105 1669 2183 1729 ut
2240 1663 2304 1727 ei
2360 1663 2637 1740 diceres,

305 1765 638 1829 Invenisti
669 1764 845 1828 enim
874 1766 1163 1849 gratiam
1195 1785 1417 1830 coram
1444 1787 1573 1843 me,
1606 1770 1675 1831 et
1710 1766 1999 1851 teipsum
2028 1765 2185 1830 novi
2216 1787 2299 1831 ex
2327 1765 2592 1831 nomine
2617 1788 2635 1829 ε

303 1887 503 1950 quem
556 1870 625 1930 et
670 1866 740 1929 in
795 1867 1044 1932 montis
1090 1867 1272 1932 Sinai
1311 1889 1627 1932 cacumen
1680 1867 2023 1945 induxisti,
2069 1869 2184 1932 ubi
2235 1869 2299 1932 ei
2349 1868 2420 1932 in
2469 1888 2632 1954 prae·

300 1967 773 2052 figurationem
793 1974 1034 2033 sanctae
1055 1969 1366 2047 ecclesiae,
1387 1970 1756 2034 fabricandi
1779 1970 2194 2036 tabernaculi
2214 1973 2636 2034 sacramenta

304 2070 682 2147 ostendisti,
713 2071 820 2134 cui
850 2070 1054 2136 etiam
1097 2072 1263 2137 duas
1303 2073 1573 2138 tabulas
1602 2072 1902 2158 lapideas
1945 2073 2155 2159 digito
2185 2077 2302 2137 tuo
2349 2071 2635 2156 scriptas

304 2174 669 2252 tradidisti,
714 2195 997 2259 quarum
1048 2196 1184 2239 una
1234 2175 1369 2241 tria
1419 2180 1771 2260 praecepta,
1816 2196 1960 2260 quae
2012 2175 2099 2239 ad
2148 2175 2346 2239 fidem
2390 2177 2635 2238 sanctae

311 2276 708 2353 Trinitatis3
773 2277 992 2343 altera
1051 2283 1328 2362 septem,
1384 2299 1526 2362 quae
1586 2279 1673 2343 ad
1724 2277 2097 2343 custodiam
2156 2275 2633 2341 constituendae

310 2377 487 2464 legis
556 2379 999 2464 pertinebant,
1067 2381 1400 2445 habebat:
1475 2380 1695 2446 beatis
1760 2380 2085 2465 apostolis
2152 2379 2290 2444 tuis
2354 2377 2637 2442 interce-

311 2481 646 2559 dentibus,
678 2482 916 2547 exaudi
946 2486 1106 2547 vota
1142 2482 1472 2548 orantium
1505 2504 1704 2569 super
1746 2483 1872 2547 hoc
1901 2481 2378 2568 pavimentum,
2405 2480 2475 2544 in
2506 2502 2637 2567 quo

315 2585 401 2649 ad
431 2587 947 2649 instrumentum
978 2585 1132 2648 fidei
1161 2585 1431 2649 illarum
1472 2586 1846 2650 divinarum
1875 2589 2250 2650 caracteres
2293 2584 2644 2649 literarum

317 2708 361 2752 a
389 2688 648 2750 duobus
679 2687 945 2772 angulis
974 2687 1177 2771 hujus
1207 2688 1442 2752 domus
1473 2709 1684 2772 usque
1714 2688 1783 2751 in
1814 2688 1985 2753 alios
2028 2688 2196 2752 duos
2225 2686 2644 2772 depinximus

316 2789 636 2876 angulos3
683 2796 754 2854 et
781 2791 986 2854 verba
1013 2790 1186 2875 legis
1217 2796 1346 2855 tuae
1375 2790 1445 2853 in
1489 2791 1740 2855 tabulis
1772 2791 2067 2855 cordium
2100 2811 2350 2868 eorum,
2381 2789 2641 2854 miseri-

318 2892 556 2957 cordiae
588 2896 718 2956 tuae
749 2892 958 2977 digito
991 2893 1203 2956 scribe
1231 2916 1247 2970 3
1301 2892 1337 2974 †
1371 2896 1617 2977 praesta
1645 2912 1925 2976 quoque,
1958 2897 2034 2956 ut
2075 2892 2384 2976 quicquid
2415 2913 2499 2956 ex
2529 2913 2643 2956 ore

319 2994 722 3059 humilitatis
774 3001 1015 3058 nostrae
1066 2995 1437 3060 faciendum
1490 2995 1860 3072 didicerint,
1904 2996 2032 3060 hoc
2081 2996 2302 3060 facere
2355 2996 2645 3081 cupiant,

325 3098 552 3181 sicque
598 3098 849 3174 vivant,
896 3102 974 3161 ut
1016 3097 1175 3161 illuc
1219 3097 1566 3183 pervenire
1610 3097 1900 3174 valeant,
1946 3097 2071 3163 ubiv
2099 3097 2370 3162 nomina
2414 3118 2538 3162 sua
2578 3097 2651 3161 in

321 3199 490 3263 libro
520 3199 673 3263 vitae
704 3205 960 3263 aeternae
986 3200 1235 3284 scripta
1265 3221 1411 3264 esse
1442 3199 1870 3285 gratulentur
1899 3219 2019 3284 per
2049 3199 2308 3264 saecula.
2398 3200 2528 3264 Per
2555 3205 2646 3277 te,

317 3300 361 3364 J
364 3321 484 3365 esu
516 3300 802 3376 Christe,
836 3301 942 3365 cui
981 3321 1131 3366 cum
1172 3307 1417 3366 aeterno
1462 3303 1666 3367 Patre
1714 3301 2087 3387 Sanctoque
2136 3301 2389 3386 Spiritu
2418 3308 2647 3366 manet

317 3404 532 3468 honor
562 3407 634 3467 et
662 3404 1077 3489 perpetuitas
1109 3403 1179 3466 in
1211 3404 1598 3469 saeculorum
1632 3404 1891 3470 saecula.
1980 3406 2214 3470 Amen.

402 3505 631 3564 Deinde
658 3505 881 3563 veniens
909 3513 1038 3563 ante
1066 3505 1247 3563 altare
1274 3505 1450 3564 dicat.

405 3602 591 3667 Deus
622 3602 693 3666 in
722 3602 1129 3687 adjutorium
1160 3625 1379 3670 meum
1410 3604 1682 3671 intende
1708 3627 1725 3682 ;
1773 3603 2055 3670 Domine
2088 3603 2174 3669 ad
2203 3604 2652 3689 adjuvandum

322 3727 430 3768 me
459 3704 734 3770 festina.

407 3807 616 3865 Totum
644 3814 728 3864 ter
753 3806 910 3865 dicat
934 3808 1178 3885 einyulis
1204 3807 1439 3883 vicibus,
1465 3809 1631 3868 semel
1654 3829 1838 3886 qemca
1852 3808 2098 3885 flectens.

406 3901 586 3973 Quem
623 3921 844 3960 versum
877 3909 1004 3979 post
1043 3903 1381 3980 episcopum,
1423 3903 1600 3962 clerus
1639 3902 1909 3962 similiter
1944 3911 2026 3961 ter
2063 3902 2239 3978 dicat,
2276 3905 2653 3983 subjunqendo

327 3994 537 4056 Gloria
565 3995 737 4055 Patri
764 4017 894 4056 cum
921 3996 1084 4058 Sicut
1111 4006 1256 4069 erat,
1288 3999 1489 4076 absque
1517 3998 1786 4078 Alleluya
1812 3999 1898 4058 vel
1923 3999 2110 4077 Kyrie
2138 3999 2377 4060 eleison.

322 4122 362 4157 ὕ
397 4122 512 4177 'Phe
535 4121 844 4178 remainder
866 4123 928 4178 of
954 4124 1044 4179 fol.
1074 4124 1232 4195 172b‚
1259 4124 1429 4180 about
1460 4125 1893 4196 three-quartem
1914 4125 1977 4182 of
2002 4143 2036 4182 a
2059 4143 2211 4200 page,
2244 4127 2292 4183 is
2318 4127 2419 4185 left
2450 4128 2619 4185 blank
2644 4147 2659 4199 ;

325 4210 420 4265 the
445 4210 614 4266 Latin
639 4210 902 4281 alphabet
924 4216 1023 4267 not
1047 4211 1258 4285 having
1281 4213 1417 4269 been
1443 4213 1594 4270 filled
1619 4212 1696 4269 in.

324 4296 364 4366 ἦ·
398 4294 505 4352 MS
564 4297 788 4353 ascribe.
