3117 5025
509 404 639 471 258
1032 404 1470 472 Consecratio
1506 406 1821 473 Oleorum
1850 410 2379 474 etp-Okrismatis.

619 788 842 861 From
893 791 1002 862 the
1044 772 1430 885 Ροηιὴῖεαῐ
1477 791 1569 885 of
1607 790 1824 887 Lacy,
1882 791 2149 887 Bishop
2201 789 2292 884 of
2327 790 2598 881 Emeter,
2654 790 2853 861 eirca

541 925 757 993 1420.

521 1103 980 1189 QUALITER
1070 1106 1731 1174 CONSEORETUR
1814 1107 2134 1174 OLEUM
2223 1107 2845 1183 INFIRMORUM‚

951 1208 1268 1277 OLEUM
1315 1208 1780 1289 SANCTUM,
1828 1210 1942 1276 ET
1989 1209 2406 1277 CHRISMA

1200 1314 1305 1379 IN
1347 1313 1792 1381 ECCLESIA
1835 1314 2168 1379 SARUM.

516 1515 662 1581 Es'r
716 1520 1085 1585 notandum
1130 1521 1309 1605 quod
1362 1522 1741 1608 episcopus,
1788 1527 2153 1606 antequam
2208 1521 2411 1598 dicat,
2457 1521 2598 1585 Per
2648 1540 2843 1603 quem

515 1621 657 1686 hoec
702 1626 957 1701 omnia,
990 1624 1352 1690 subtrahat
1397 1645 1470 1690 se
1514 1625 1867 1712 paululum
1913 1626 2000 1691 ab
2043 1625 2249 1691 altari
2297 1644 2497 1689 versa
2540 1623 2715 1689 facie
2760 1624 2847 1688 ad

514 1727 839 1789 austrum.

598 1824 787 1889 Tunc
810 1826 993 1891 dicat
1022 1849 1197 1893 unus
1220 1829 1733 1895 archidiaconus
1757 1830 1904 1895 alta
1934 1851 2095 1897 voce
2128 1829 2223 1895 sic
2261 1828 2579 1905 vocando,
2609 1827 2844 1893 Oleum

509 1929 953 2011 infirmorum.
1044 1932 1186 2017 Quo
1232 1937 1496 2010 vocat0,
1527 1934 1806 2001 accedat
1848 1933 2120 2018 quidam
2162 1932 2676 1998 archidiaconus
2720 1951 2843 2016 per

507 2037 800 2102 medium
854 2040 1047 2104 chori
1097 2042 1184 2107 ad
1235 2041 1478 2121 altare,
1530 2064 1728 2128 quem
1781 2043 2111 2128 praecedat
2168 2042 2479 2108 minister
2528 2040 2840 2105 deferens

509 2142 733 2207 oleum
764 2144 1200 2225 infirmorum,
1231 2148 1652 2233 praecedente
1684 2148 1820 2214 alio
1851 2148 2166 2213 ministro
2199 2168 2349 2211 cum
2382 2145 2657 2211 vexillo.

591 2245 849 2313 Deinde
882 2250 1241 2335 episcopus
1271 2272 1477 2338 super
1517 2252 1887 2336 ampullam
1918 2252 2134 2337 ipsam
2180 2257 2289 2316 ter
2318 2251 2584 2337 signum
2618 2250 2836 2315 crucis

504 2351 735 2428 faciat,
765 2358 836 2417 et
865 2359 976 2419 ter
1006 2356 1230 2419 sufflet
1257 2356 1326 2419 in
1360 2376 1463 2433 ea,
1494 2357 1808 2421 ministro
1840 2357 2063 2421 oleum
2094 2356 2465 2421 deferente.

587 2454 850 2522 Deinde
885 2457 1193 2544 perficiat
1223 2459 1692 2538 exorcismum,
1723 2459 2156 2526 audientibus
2202 2463 2471 2526 tantum
2501 2453 2833 2522 ministris

504 2559 618 2644 qui
651 2580 846 2625 secus
877 2561 1095 2627 altare
1128 2567 1337 2640 stant,
1370 2563 1514 2628 sine
1555 2564 1895 2628 Dominus
1917 2564 2283 2640 vobiscum,
2316 2562 2460 2626 sine
2512 2561 2789 2626 oremus
2810 2581 2831 2618 .-

471 2668 476 2671 ’
506 2664 684 2728 sicut
710 2664 790 2728 fit
817 2663 861 2728 J
864 2664 1032 2730 udaei
1068 2666 1523 2731 exorcismus:
1574 2665 1692 2731 sed
1724 2666 1826 2732 ita
1853 2666 2133 2742 directe,
2164 2666 2529 2741 Exorcim,
2558 2663 2678 2728 Sco.

585 2766 722 2831 Hic
752 2774 1183 2834 removeatur
1225 2769 1520 2835 dicatum
1554 2768 1800 2846 oleum,
1832 2773 1902 2833 et
1942 2768 2453 2834 archidiaconus
2484 2788 2634 2831 cum
2682 2763 2825 2830 suis

496 2870 831 2935 ministris
862 2891 943 2935 eo
974 2872 1171 2937 modo
1204 2894 1335 2958 quo
1366 2873 1679 2952 accessit,
1711 2872 2008 2936 recedat.

581 2972 839 3038 Deinde
871 2980 1242 3060 peragatur
1270 2976 1484 3043 missa
1511 2978 1639 3041 hoc
1672 2976 1889 3040 modo.
1978 2976 2119 3039 Per
2149 2995 2344 3058 quem
2375 2973 2515 3038 haec
2546 2975 2795 3036 omnia.

615 3076 785 3141 Post
847 3077 1249 3143 fractionem
1317 3084 1518 3145 vocat
1585 3078 2100 3145 archidiaconus
2165 3080 2247 3140 ut
2309 3076 2521 3161 prius,
2589 3074 2823 3139 Oleum

498 3192 829 3247 sanctum.
920 3181 1063 3268 Quo
1111 3188 1371 3261 vocato,
1404 3184 1679 3250 accedat
1726 3183 1901 3249 alius
1947 3180 2462 3248 archidiaconus
2507 3201 2587 3244 eo
2631 3178 2826 3245 modo

491 3290 563 3350 et
614 3285 868 3364 ordine,
922 3306 1056 3370 quo
1117 3287 1305 3371 prior
1363 3286 1882 3353 archidiaconus
1942 3284 2253 3361 accessit,
2308 3304 2459 3348 cum
2520 3281 2821 3366 ampulla

493 3390 877 3456 continente
939 3389 1158 3455 oleum
1216 3395 1545 3467 sanctum,
1601 3411 1805 3476 super
1855 3409 2058 3474 quam
2106 3394 2216 3453 ter
2268 3387 2536 3479 signum
2598 3385 2818 3450 crucis

493 3495 722 3573 faciat,
771 3500 843 3561 et
888 3500 998 3560 ter
1045 3497 1268 3560 sufflet
1316 3497 1383 3559 in
1434 3517 1534 3574 ea,
1576 3499 1648 3560 et
1692 3496 1788 3561 sic
1842 3494 2150 3581 perficiat
2194 3491 2639 3558 exorcismum
2690 3490 2820 3555 olei

489 3598 687 3662 modo
720 3598 1108 3684 supradicto
1155 3598 1241 3663 ad
1269 3598 1767 3684 baptizandum,
1798 3596 2234 3663 audientibus
2278 3601 2545 3661 tantum
2586 3595 2820 3660 minis·

490 3702 642 3766 tris.
730 3702 1074 3768 Emorcizo
1106 3713 1168 3768 te
1200 3711 1528 3768 creatura
1554 3703 1668 3767 &m

575 3803 727 3868 Hoc
755 3804 957 3882 facto,
987 3805 1227 3871 redeat
1269 3805 1782 3871 archidiaconus
1814 3826 1962 3870 cum
2011 3804 2235 3869 dicato
2277 3803 2449 3880 oleo,
2482 3825 2631 3869 cum
2677 3804 2822 3868 suis

487 3906 821 3971 ministris
849 3907 1081 3971 eodem
1113 3907 1310 3971 modo
1340 3927 1468 3991 quo
1502 3928 1732 3993 supra.

574 4010 740 4074 Post
783 4011 919 4074 haec
965 4015 1356 4075 revertatur
1400 4010 1755 4096 episcopus
1801 4011 1886 4077 ad
1935 4010 2162 4075 sedem
2217 4029 2407 4074 suam
2463 4007 2548 4073 ad
2594 4008 2819 4093 quies-

485 4113 790 4178 cendum.

564 4215 822 4281 Deinde
869 4215 1048 4281 dicat
1094 4215 1609 4284 archidiaconus
1659 4217 1754 4283 sic
1801 4216 2101 4283 vocando
2149 4217 2295 4282 alta
2343 4235 2524 4291 voce,
2578 4213 2814 4280 Oleum

476 4321 889 4385 chrismatis.
981 4317 1240 4382 Deinde
1273 4325 1739 4406 praeparentur
1787 4320 2086 4385 minist-ri
2123 4342 2246 4407 per
2278 4340 2395 4384 sex
2431 4316 2699 4382 ordines
2730 4317 2817 4381 ad
