3117 5025
1000 403 1518 470 Benedictiones
1550 409 2030 491 Episcopales.
2551 415 2680 478 193

344 606 653 682 liberare,
721 628 797 670 ae
872 607 1046 683 fidei,
1113 608 1255 692 spei
1334 615 1403 674 et
1477 612 1784 677 caritatis
1852 615 2273 681 nutrimento
2350 617 2678 682 divinit-us

352 708 712 775 oblectare.
803 712 1040 774 Amen.

430 812 773 897 Quatenus
822 812 937 896 qui
984 813 1453 881 translationis
1505 814 1654 898 ejus
1702 819 2086 883 veneranda
2130 819 2354 885 colitis
2402 820 2672 905 gaudia,

342 915 669 979 virtutum
716 915 1056 979 exercitiis
1101 915 1184 978 de
1237 917 1525 981 terrenis
1572 919 1882 1002 migretis
1929 920 2014 984 ad
2064 922 2366 988 ooelestia
2411 927 2483 987 et
2524 945 2672 987 cum

338 1026 711 1102 purpurato
742 1024 1109 1102 martyrum
1135 1020 1435 1085 exercitu
1466 1021 1535 1084 in
1569 1020 1967 1107 angelorum
1994 1024 2428 1091 ascribamini
2461 1026 2671 1092 ouria.

352 1124 592 1187 Amen.

429 1329 512 1386 In
540 1327 913 1389 Eoealtatiom
939 1339 1146 1388 sanctoe
1180 1330 1402 1389 Crucis.

429 1529 635 1605 Deus,
695 1530 811 1613 qui
869 1529 1215 1594 redemisti
1276 1551 1491 1615 genus
1564 1532 1929 1597 humanum
1993 1554 2111 1618 per
2180 1536 2389 1599 beatae
2451 1535 2669 1601 erucis

339 1633 735 1716 patibulum,
759 1637 836 1698 ut
859 1633 1036 1717 quod
1066 1633 1251 1718 prius
1275 1638 1426 1698 erat
1449 1634 1758 1700 scelestis
1789 1636 1876 1700 ad
1899 1657 2183 1720 poenam,
2211 1638 2304 1704 sit
2326 1641 2668 1704 conversis

338 1737 707 1822 redemptio
737 1738 823 1801 ad
856 1739 1082 1814 vitam,
1116 1737 1401 1803 concede
1447 1738 1627 1823 plebi
1673 1743 1805 1803 tuae
1853 1740 2003 1823 ejus
2051 1741 2303 1807 salvari
2334 1743 2666 1828 praesidio‚

337 1840 534 1923 cujus
566 1846 675 1906 est
704 1846 968 1907 armata
998 1840 1268 1904 vexillo.
1360 1841 1595 1904 Amen.

429 1944 531 2008 Sit
563 1944 624 2007 ei
649 1934 821 2006 *crux
851 1943 1006 2006 fidei
1049 1943 1580 2020 fundamentum,
1614 1944 1760 2028 spei
1792 1947 2214 2031 suffraqum,
2245 1948 2313 2011 in
2362 1949 2667 2015 adversis

340 2047 668 2124 defensio,
699 2047 768 2110 in
801 2047 1142 2132 prosperis
1173 2045 1658 2129 adjumentum.
1755 2049 1994 2114 Amen.

426 2152 958 2234 Perseveretque
1010 2151 1077 2214 in
1130 2151 1326 2214 hoste
1375 2150 1678 2228 victoria,
1730 2151 1798 2214 in
1849 2152 2123 2216 civitate
2174 2155 2550 2232 eoncordia,
2598 2157 2663 2219 in

339 2275 576 2339 campo
622 2254 949 2329 custodia,
994 2252 1062 2316 in
1111 2254 1306 2318 domo
1351 2253 1630 2331 fultura,
1678 2258 1756 2319 ut
1799 2275 2075 2339 gregem
2122 2256 2195 2318 in
2239 2257 2467 2321 futuro
2512 2279 2666 2323 con-

341 2364 567 2424 servet
618 2358 1037 2434 incolumem,
1090 2378 1234 2441 quae
1288 2358 1482 2422 nobis
1548 2359 1742 2443 Agno
1806 2359 2113 2424 vincente
2175 2381 2373 2425 versa
2425 2367 2535 2427 est
2592 2364 2660 2426 in

344 2462 653 2529 salutem.
748 2464 987 2527 Amen.

428 2566 617 2652 Quod
646 2566 815 2650 ipse.

419 2775 467 2832 I
460 2797 500 2832 n
532 2773 1073 2833 Commemoratione
1103 2771 1483 2829 Animarum.

424 2978 630 3053 Deus,
654 2975 832 3060 apud
862 2995 1057 3059 quem
1092 2973 1461 3038 electorum
1486 2973 1741 3050 auimae,
1766 2972 2077 3039 absoluto
2109 2978 2411 3061 corporis
2435 3000 2660 3059 onere,

338 3102 603 3145 summa
629 3078 961 3143 felicitate
992 3077 1327 3154 laetantur,
1352 3078 1496 3162 ipse
1527 3078 1898 3161 gratuitam
1932 3078 2122 3143 vobis
2151 3081 2440 3164 gratiam
2473 3104 2658 3148 suam

332 3186 695 3269 dignanter
721 3180 1054 3256 infundat,
1076 3185 1153 3243 ut
1176 3201 1297 3264 pro
1328 3179 1686 3256 defunctis,
1710 3200 1992 3263 quorum
2018 3180 2257 3246 devote
2276 3185 2660 3250 memoriam

333 3286 563 3372 agitis,
591 3283 826 3349 fideles
857 3288 1016 3349 ante
1046 3303 1198 3346 eum
1230 3281 1726 3346 interventores
1758 3301 1906 3346 esse
1938 3282 2246 3348 valeatis.
2335 3287 2574 3352 Amen.

427 3390 618 3454 Dona
664 3386 1034 3453 elementiae
1068 3406 1201 3450 suae
1249 3386 1438 3450 vobis
1468 3386 1965 3471 augmentando
2013 3387 2438 3472 multiplicet,
2470 3399 2549 3457 ut
2595 3399 2663 3458 et

332 3517 455 3580 pro
490 3492 734 3559 vestris
767 3490 1170 3556 fiducialiter
1213 3489 1313 3553 illi
1348 3490 1726 3575 supplicare
1767 3489 2052 3566 delictis,
2085 3496 2157 3555 et
2199 3513 2321 3576 pro
2352 3493 2660 3560 fidelibus

332 3600 399 3663 in
469 3599 595 3663 illa
660 3598 879 3663 altera
948 3596 1091 3661 vita
1147 3594 1291 3678 jam
1361 3593 1752 3660 constitutis
1820 3594 2181 3660 efficaciter
2247 3595 2657 3665 intervenire

335 3702 635 3787 possitis.
727 3702 965 3764 Amen.

415 3805 579 3890 Quo,
612 3805 760 3888 ipso
807 3802 1210 3887 opitulante,
1242 3805 1312 3866 et
1355 3799 1650 3864 fidelium
1696 3799 1990 3864 omnium
2039 3806 2243 3887 atque
2274 3808 2651 3871 vestrorum

330 3910 590 3995 pariter
617 3905 1103 3991 indulgentiam
1135 3908 1556 3989 peecatorum
1591 3904 1676 3968 ab
1709 3924 1788 3967 eo
1834 3902 2127 3969 feliciter
2157 3905 2552 3990 impetretis,
2587 3915 2658 3975 et

327 4014 397 4077 in
430 4010 775 4078 tremendo
804 4008 925 4073 illo
953 4008 1167 4073 futuri
1198 4007 1523 4073 examinis
1545 4007 1798 4091 judicio
1829 4007 2244 4073 eumelectis
2273 4012 2649 4094 portionem

323 4119 394 4180 in
426 4114 591 4180 eoelo
623 4113 766 4177 sine
796 4113 930 4175 fine
959 4110 1385 4195 possideatis.
1480 4110 1718 4173 Amen.

309 4214 314 4218 ’
418 4216 607 4302 Quod
636 4216 801 4301 ipse.

505 4436 695 4499 Pont.
731 4435 813 4496 24
