3117 5025
556 359 642 432 80
1345 331 1717 439 Dedicatio
1746 369 2092 441 Ecclesia.

486 577 505 589 '
632 571 1092 658 offertorium.
1180 572 1467 642 Domine
1498 575 1704 654 Deus,
1735 577 1804 643 in
1837 575 2266 664 simplicitate
2296 575 2533 643 cordis.

639 677 939 743 Secreta.
1027 678 1234 756 Deus,
1264 680 1379 764 qui
1426 680 1902 747 sacrandorum
1947 680 2073 746 tibi
2117 685 2353 746 auctor
2381 701 2458 746 es
2499 698 2869 756 munerum,

552 780 817 845 effunde
863 789 1065 866 super
1091 783 1263 848 hanc
1306 783 1633 849 orationis
1676 784 1942 848 domum
1988 783 2513 848 benedictionem
2555 786 2765 857 tuam,
2793 786 2873 846 ut

551 890 638 954 ab
659 889 963 956 omnibus
983 890 1447 957 invocantibus
1464 913 1705 958 nomen
1727 899 1940 970 tuum,
1963 892 2370 958 defensionis
2393 896 2523 957 tuae
2545 891 2869 956 auxilium

553 992 905 1058 sentiatur.
991 994 1122 1059 Per
1148 993 1528 1070 Dominum.

638 1096 1060 1162 Benedictio.
1170 1097 1607 1183 Omnipotens
1658 1096 1864 1175 Deus,
1915 1098 2030 1183 qui
2078 1118 2207 1165 nos
2253 1096 2577 1163 hodierna
2622 1094 2731 1160 die
2782 1091 2871 1161 ad

550 1193 1029 1264 dedicationem
1059 1198 1258 1266 istius
1288 1200 1454 1265 aulae
1485 1200 1802 1286 dignatus
1829 1221 1907 1267 es
1944 1201 2259 1278 adunare,
2288 1200 2433 1290 ipse
2462 1220 2588 1266 nos
2613 1198 2869 1265 coelesti

550 1302 1004 1368 benedictione
1034 1304 1349 1391 dignetur
1373 1303 1807 1390 locupletare.
1898 1307 2131 1371 Amen.

665 1405 1130 1493 concedatque
1188 1407 1383 1472 nobis
1439 1407 1587 1471 fieri
1612 1472 1620 1477 ,
1644 1406 1971 1493 templum
2031 1428 2224 1473 suum
2284 1410 2356 1473 et
2411 1395 2867 1472 habitaculum

554 1508 843 1596 Spiritus
876 1509 1123 1588 Sancti,
1153 1508 1266 1594 qui
1298 1509 1638 1594 proprium
1670 1508 1917 1575 Filium
1952 1531 2144 1575 suum
2180 1509 2535 1575 Dominum
2565 1514 2866 1575 nostrum

549 1611 593 1677 J
597 1632 784 1677 esum
814 1610 1153 1677 Christum
1185 1631 1306 1697 pro
1336 1610 1530 1676 nobis
1562 1611 1772 1697 elegit
1801 1611 2154 1677 immolari.
2242 1614 2477 1677 Amen.

638 1712 980 1797 Quatenus
1008 1718 1229 1776 mente
1261 1716 1331 1777 et
1360 1733 1635 1798 corpore
1663 1713 2016 1799 purificati,
2046 1714 2492 1780 habitatorem
2536 1712 2750 1778 Deum
2795 1712 2866 1778 in

547 1815 1043 1900 vobismetipsis
1088 1835 1352 1900 semper
1391 1815 1639 1881 habere
1682 1802 1980 1901 possitis,
2012 1822 2082 1882 et
2124 1821 2385 1883 aeternae
2428 1815 2865 1882 beatitudinis

547 1917 1001 1985 haereditatem
1031 1937 1180 1982 cum
1211 1917 1462 1985 sanctis
1493 1920 1565 1983 et
1593 1917 1828 1985 electis
1860 1921 1999 1985 suis
2026 1919 2451 2005 possideatis.
2538 1921 2773 1984 Amen.

634 2019 821 2106 Quod
849 2020 991 2105 ipse
1022 2024 1338 2104 praestare
1367 2019 1700 2106 dignetur.

634 2124 1044 2188 Communio.
1132 2120 1387 2188 Domus
1415 2144 1566 2188 mea
1594 2124 1828 2190 domus
1857 2123 2177 2190 orationis
2208 2124 2580 2189 vocabitur.

632 2219 1200 2293 Posstcommunio.
1287 2226 1689 2311 Multiplica,
1740 2248 2137 2312 quaesumus,
2187 2227 2488 2315 Domine,
2540 2247 2660 2314 per
2715 2228 2860 2294 haec

549 2334 783 2394 sancta
825 2350 968 2414 quae
1012 2328 1415 2414 sumpsimus
1458 2329 1527 2393 in
1572 2330 1919 2395 animabus
1962 2330 2212 2396 nostris
2255 2331 2605 2396 veritatem
2648 2336 2861 2410 tuam,

550 2438 627 2498 ut
654 2438 724 2499 te
760 2432 1016 2519 jugiter
1043 2432 1114 2495 in
1157 2431 1406 2519 templo
1439 2437 1672 2498 sancto
1701 2437 1820 2498 tuo
1864 2433 2239 2509 adoremus,
2268 2438 2341 2498 et
2382 2435 2452 2497 in
2497 2441 2865 2520 conspectu

547 2541 665 2602 tuo
694 2558 842 2602 cum
890 2535 1139 2601 sanctis
1168 2536 1474 2604 omnibus
1516 2536 1900 2623 gloriemur.
1989 2537 2120 2603 Per
2159 2536 2513 2602 Dominum
2557 2544 2859 2605 nostrum

549 2638 592 2704 J
596 2661 781 2707 esum
814 2638 1171 2706 Christum.
