3117 5025
496 431 583 492 34

1063 701 1346 766 ORDIN
1356 701 1565 765 ΑΤΙΟ
1613 696 2220 766 SACERDOTUM
2232 743 2244 757 .

611 907 694 965 Et
747 916 898 980 tunc,
951 909 1101 966 dicto
1154 906 1362 978 Crede,
1421 914 1722 983 antequam
1774 906 1991 963 dicitur
2042 905 2325 964 Dominus
2386 902 2676 961 vobiscum
2730 902 2816 959 vel

506 1004 890 1080 Offwtmimn,
955 1005 1112 1063 electi
1169 1004 1472 1063 sacerdotes
1538 1003 1807 1062 accedant
1865 1003 1945 1060 ad
2002 1002 2435 1062 consecrandum
2461 1024 2485 1068 ‚·
2550 1009 2601 1059 et
2658 1000 2818 1058 dicat

503 1098 949 1157 archidiaconus.

593 1193 930 1256 Recedant
961 1194 1073 1276 qui
1105 1193 1390 1257 ordinati
1424 1199 1583 1257 sunt
1610 1194 1867 1258 diaconi
1895 1216 1909 1259 ε
1958 1195 2274 1258 accedant
2319 1195 2427 1278 qui
2476 1193 2819 1257 ordinandi

505 1301 663 1360 sunt
694 1296 1089 1369 sacerdotes

583 1398 664 1455 Et
705 1405 968 1455 caveatur
1009 1397 1076 1455 de
1118 1397 1276 1455 omni
1320 1397 1694 1469 mutilatione,
1744 1398 1989 1456 maa-ime
2035 1419 2329 1468 manuum,
2381 1419 2520 1475 quas
2567 1398 2817 1475 episcopo

501 1494 810 1552 ostendant.

588 1588 857 1659 Sedendo,
892 1588 1177 1666 episcopus
1206 1588 1362 1646 dicat
1388 1587 1468 1646 eis
1493 1588 1616 1645 sine
1643 1596 1792 1645 nota.

597 1683 1020 1749 Sacerdotem
1067 1687 1334 1766 oportet
1377 1684 1637 1758 offerre,
1669 1684 2074 1760 benedicere,
2117 1706 2420 1768 praeesse,
2451 1684 2824 1768 praedicare,

507 1785 830 1850 conficere
863 1790 933 1849 et
961 1784 1318 1870 baptizare.

506 1897 557 1945 et
583 1889 821 1945 ulterius
849 1886 1113 1964 informet
1137 1908 1240 1958 eos,
1269 1887 1323 1943 si
1348 1887 1603 1959 voluerit,
1633 1896 1697 1945 ut
1724 1888 1790 1945 in
1807 1888 2106 1966 principio
2135 1889 2272 1946 libri
2296 1889 2542 1946 habetur.

589 1982 962 2040 Benedicente
986 2003 1074 2040 eos
1111 1990 1299 2058 postea
1338 1982 1609 2059 episcopo,
1640 1983 1840 2040 stando
1867 1991 1917 2040 et
1947 2004 2184 2041 manum
2222 2004 2389 2060 super
2415 1982 2607 2059 capita
2634 2001 2824 2039 eorum

510 2086 737 2149 tenente,
779 2098 962 2135 omnes
1000 2076 1305 2153 presbyteri
1343 2077 1445 2153 qui
1488 2085 1779 2153 praesentes
1813 2084 1961 2149 sunt,
2006 2098 2206 2135 manas
2247 2099 2378 2135 suas
2419 2098 2585 2154 super
2631 2076 2823 2152 capita

511 2193 702 2230 eorum
731 2173 936 2230 levatas
963 2169 1211 2228 tendant.

590 2266 794 2326 Postea
822 2266 1122 2344 episcopus,
1151 2265 1368 2336 standO,
1394 2266 1672 2343 populum
1699 2266 2062 2339 commendat,
2091 2268 2295 2337 dicens,

606 2362 968 2426 Commune
1000 2366 1227 2424 votum
1260 2361 1625 2425 communis
1673 2361 1886 2425 oratio
1917 2368 2376 2447 prosequatur,
2409 2367 2486 2427 ut
2523 2362 2594 2424 hi
2624 2361 2832 2426 totius

515 2465 806 2531 ecclesiae
867 2485 1082 2549 prece,
1144 2465 1255 2549 qui
1317 2464 1385 2528 in
1448 2465 1797 2531 sacerdotii
1858 2466 2298 2531 ministerium
2359 2470 2832 2552 praeparantur,

518 2568 951 2634 sacerdotalis
998 2568 1247 2631 ordine·
1273 2568 1750 2633 benedictionis
1795 2568 2165 2634 clarescant
2211 2574 2279 2633 et
2324 2569 2653 2654 spirituali
2685 2591 2835 2632 con-

516 2672 891 2736 versatione
941 2671 1429 2756 praefulgente&
1475 2672 1697 2756 gratia
1744 2673 2290 2737 sanctificationis
2342 2673 2626 2749 luceant,
2673 2694 2835 2757 prae-

517 2782 742 2841 stante
767 2761 1056 2838 'Domino
1101 2780 1333 2837 nostro
1363 2773 1405 2837 J
1410 2794 1529 2836 esu
1574 2774 1862 2851 Christo,
1896 2775 2004 2859 qui
2054 2796 2200 2838 cum
2233 2776 2433 2840 Patre
2479 2780 2549 2839 et
2580 2775 2830 2858 Spiritu

518 2884 747 2943 sancto
780 2877 948 2941 vivit
977 2881 1046 2941 et
1073 2884 1333 2961 regnat.

604 2982 946 3063 Praefatio
979 2981 1513 3043 consecrationis
1546 2984 1997 3044 sacerdotum.

610 3253 667 3318 O
689 3272 1011 3328 -re-mus,
1058 3251 1555 3327 div-lectissi-mi,
1604 3251 1702 3315 De
1723 3290 1749 3300 -
1769 3273 1879 3315 um
1926 3253 2191 3317 Patrem
2241 3253 2836 3336 omni-po-tentem,

522 3381 2843 3443 W

522 3533 600 3592 ut
630 3548 857 3611 su-per
885 3527 1009 3589 hos
1039 3524 1391 3590 fa-mu-los
1425 3546 1502 3587 su
1522 3562 1548 3572 -
1570 3546 1664 3601 oe,
1698 3547 1865 3608 quos
1896 3526 1977 3589 ad
2008 3527 2450 3610 pres-bi-te-ri
2471 3529 2538 3589 -i
2569 3551 2841 3592 mu-nus

515 3674 2840 3718 n—u—n——n—-u—u—fl—n—-u——n—n-—n—n——n—n—n—n-

522 3823 559 3865 e
578 3838 607 3852 ··
623 3802 688 3864 le
709 3839 735 3849 -
754 3801 874 3884 git,
922 3821 1014 3862 cce
1035 3837 1060 3847 -
1079 3798 1263 3861 les-ti
1285 3836 1309 3846 -
1330 3819 1370 3861 a
1420 3798 1626 3862 do—na
1667 3797 1806 3861 mul
1826 3836 1852 3848 -
1872 3799 2193 3882 ti-pli-cet
2217 3824 2233 3876 ;
2282 3805 2348 3863 et
2403 3801 2577 3883 quod
2631 3823 2666 3864 e
2686 3801 2843 3883 -jus

523 4074 810 4160 digna-ti
831 4095 926 4135 -o-
948 4094 1029 4134 ne
1064 4072 1336 4154 susci-pi
1359 4074 1530 4145 -unt‚
1574 4071 1703 4155 ipsi
1726 4110 1750 4119 -
1773 4093 1852 4134 us
1886 4080 2373 4156 consequantur
2403 4096 2562 4137 aux·
2584 4073 2671 4136 il·
2692 4074 2742 4136 i-
2765 4095 2823 4138 0.

522 4206 1107 4324 Ξ

616 4355 670 4417 Ο
691 4393 715 4402 -
736 4373 1007 4415 re-mus.
